<?xml version="1.0" encoding="UTF-8"?>
<!DOCTYPE html PUBLIC "-//W3C//DTD XHTML 1.0 Transitional//EN"
    "http://www.w3.org/TR/xhtml1/DTD/xhtml1-transitional.dtd">
<html xmlns="http://www.w3.org/1999/xhtml" xml:lang="en" lang="en">
 <head>
  <title>
</title>
<meta http-equiv="Content-Type" content="text/html;charset=utf-8" />
  <meta name='ocr-system' content='tesseract 3.04.00' />
  <meta name='ocr-capabilities' content='ocr_page ocr_carea ocr_par ocr_line ocrx_word'/>
</head>
<body>
  <div class='ocr_page' id='page_1' title='image "./tliviaburbecond02livygoog_0859.png"; bbox 0 0 2618 4740; ppageno 0'>
   <div class='ocr_carea' id='block_1_1' title="bbox 157 477 1253 544">
    <p class='ocr_par' dir='ltr' id='par_1_1' title="bbox 157 477 1253 544">
     <span class='ocr_line' id='line_1_1' title="bbox 157 477 1253 544; baseline 0 -11"><span class='ocrx_word' id='word_1_1' title='bbox 157 486 218 544; x_wconf 85' lang='lat'><strong>108</strong></span> <span class='ocrx_word' id='word_1_2' title='bbox 500 479 592 533; x_wconf 75' lang='lat' dir='ltr'><strong>ntuetr</strong></span> <span class='ocrx_word' id='word_1_3' title='bbox 611 478 690 532; x_wconf 89' lang='lat' dir='ltr'>XXX.</span> <span class='ocrx_word' id='word_1_4' title='bbox 707 477 779 532; x_wconf 74' lang='lat' dir='ltr'>GXP.</span> <span class='ocrx_word' id='word_1_5' title='bbox 794 480 833 533; x_wconf 80' lang='lat'><strong>12</strong></span> <span class='ocrx_word' id='word_1_6' title='bbox 847 480 889 533; x_wconf 80' lang='grc'><strong>13.</strong></span> <span class='ocrx_word' id='word_1_7' title='bbox 1099 506 1123 541; x_wconf 63' lang='grc' dir='ltr'>ι</span> <span class='ocrx_word' id='word_1_8' title='bbox 1137 508 1161 541; x_wconf 76' lang='grc' dir='ltr'><strong>ι,</strong></span> <span class='ocrx_word' id='word_1_9' title='bbox 1174 508 1197 543; x_wconf 67' lang='lat'><strong>0,</strong></span> <span class='ocrx_word' id='word_1_10' title='bbox 1208 498 1253 543; x_wconf 71' lang='lat' dir='ltr'><strong>m</strong></span> 
     </span>
    </p>
   </div>
   <div class='ocr_carea' id='block_1_2' title="bbox 155 648 1254 736">
    <p class='ocr_par' dir='ltr' id='par_1_2' title="bbox 155 648 1254 736">
     <span class='ocr_line' id='line_1_2' title="bbox 155 648 1254 736; baseline -0.003 -15"><span class='ocrx_word' id='word_1_11' title='bbox 155 669 219 721; x_wconf 90' lang='lat' dir='ltr'><strong>tare</strong></span> <span class='ocrx_word' id='word_1_12' title='bbox 231 676 332 721; x_wconf 87' lang='lat' dir='ltr'><strong>secum</strong></span> <span class='ocrx_word' id='word_1_13' title='bbox 346 656 418 736; x_wconf 91' lang='lat' dir='ltr'><strong>ipse,</strong></span> <span class='ocrx_word' id='word_1_14' title='bbox 431 671 521 733; x_wconf 89' lang='lat' dir='ltr'><strong>quem</strong></span> <span class='ocrx_word' id='word_1_15' title='bbox 533 651 696 715; x_wconf 79' lang='lat' dir='ltr'><strong>admodum</strong></span> <span class='ocrx_word' id='word_1_16' title='bbox 707 649 847 732; x_wconf 75' lang='lat' dir='ltr'>promissi</span> <span class='ocrx_word' id='word_1_17' title='bbox 859 648 951 713; x_wconf 82' lang='lat' dir='ltr'><strong>fidem</strong></span> <span class='ocrx_word' id='word_1_18' title='bbox 964 662 1153 732; x_wconf 67' lang='lat' dir='ltr'><strong>praestaret.</strong></span> <span class='ocrx_word' id='word_1_19' title='bbox 1178 654 1254 735; x_wconf 88' lang='lat' dir='ltr'><strong>quod</strong></span> 
     </span>
    </p>
   </div>
   <div class='ocr_carea' id='block_1_3' title="bbox 105 735 1255 2614">
    <p class='ocr_par' dir='ltr' id='par_1_3' title="bbox 157 735 1255 824">
     <span class='ocr_line' id='line_1_3' title="bbox 157 735 1255 824; baseline -0.004 -17"><span class='ocrx_word' id='word_1_20' title='bbox 157 762 227 807; x_wconf 89' lang='lat' dir='ltr'><strong>cum</strong></span> <span class='ocrx_word' id='word_1_21' title='bbox 241 741 380 824; x_wconf 81' lang='lat' dir='ltr'><strong>expedire</strong></span> <span class='ocrx_word' id='word_1_22' title='bbox 397 759 457 801; x_wconf 92' lang='lat' dir='ltr'><strong>non</strong></span> <span class='ocrx_word' id='word_1_23' title='bbox 474 748 585 820; x_wconf 87' lang='lat' dir='ltr'><strong>posset,</strong></span> <span class='ocrx_word' id='word_1_24' title='bbox 605 736 642 799; x_wconf 91' lang='lat' dir='ltr'><strong>ab</strong></span> <span class='ocrx_word' id='word_1_25' title='bbox 658 754 760 799; x_wconf 92' lang='lat' dir='ltr'><strong>amore</strong></span> <span class='ocrx_word' id='word_1_26' title='bbox 773 735 969 799; x_wconf 83' lang='lat' dir='ltr'><strong>temerarium</strong></span> <span class='ocrx_word' id='word_1_27' title='bbox 984 747 1083 818; x_wconf 89' lang='lat' dir='ltr'><strong>atque</strong></span> <span class='ocrx_word' id='word_1_28' title='bbox 1097 740 1255 821; x_wconf 83' lang='lat' dir='ltr'><strong>impudens</strong></span> 
     </span>
    </p>

    <p class='ocr_par' dir='ltr' id='par_1_4' title="bbox 105 822 1254 907">
     <span class='ocr_line' id='line_1_4' title="bbox 105 822 1254 907; baseline -0.004 -14"><span class='ocrx_word' id='word_1_29' title='bbox 105 842 136 892; x_wconf 72' lang='lat' dir='ltr'><strong>‘zu</strong></span> <span class='ocrx_word' id='word_1_30' title='bbox 157 838 309 892; x_wconf 87' lang='lat' dir='ltr'><strong>mutuatur</strong></span> <span class='ocrx_word' id='word_1_31' title='bbox 330 825 505 889; x_wconf 77' lang='lat' dir='ltr'><strong>consiliumr</strong></span> <span class='ocrx_word' id='word_1_32' title='bbox 528 824 648 904; x_wconf 75' lang='lat' dir='ltr'><strong>nuptias</strong></span> <span class='ocrx_word' id='word_1_33' title='bbox 667 822 699 884; x_wconf 92' lang='lat' dir='ltr'><strong>in</strong></span> <span class='ocrx_word' id='word_1_34' title='bbox 715 840 784 885; x_wconf 91' lang='lat' dir='ltr'><strong>eum</strong></span> <span class='ocrx_word' id='word_1_35' title='bbox 799 822 897 903; x_wconf 89' lang='lat' dir='ltr'><strong>ipsum</strong></span> <span class='ocrx_word' id='word_1_36' title='bbox 912 822 994 885; x_wconf 90' lang='lat' dir='ltr'><strong>diem</strong></span> <span class='ocrx_word' id='word_1_37' title='bbox 1010 824 1117 905; x_wconf 85' lang='lat' dir='ltr'><strong>parari</strong></span> <span class='ocrx_word' id='word_1_38' title='bbox 1133 836 1254 907; x_wconf 85' lang='lat' dir='ltr'><strong>repente</strong></span> 
     </span>
    </p>

    <p class='ocr_par' dir='ltr' id='par_1_5' title="bbox 158 907 1254 991">
     <span class='ocr_line' id='line_1_5' title="bbox 158 907 1254 991; baseline -0.001 -16"><span class='ocrx_word' id='word_1_39' title='bbox 158 913 250 986; x_wconf 88' lang='lat' dir='ltr'><strong>iubet,</strong></span> <span class='ocrx_word' id='word_1_40' title='bbox 266 930 305 974; x_wconf 91' lang='lat' dir='ltr'><strong>ne</strong></span> <span class='ocrx_word' id='word_1_41' title='bbox 320 911 389 990; x_wconf 91' lang='lat' dir='ltr'><strong>quid</strong></span> <span class='ocrx_word' id='word_1_42' title='bbox 402 910 588 990; x_wconf 89' lang='lat' dir='ltr'><strong>relinqueret</strong></span> <span class='ocrx_word' id='word_1_43' title='bbox 599 908 707 989; x_wconf 80' lang='lat' dir='ltr'>integri</span> <span class='ocrx_word' id='word_1_44' title='bbox 718 917 771 970; x_wconf 90' lang='lat' dir='ltr'><strong>aut</strong></span> <span class='ocrx_word' id='word_1_45' title='bbox 780 907 882 969; x_wconf 87' lang='lat' dir='ltr'><strong>Laelio</strong></span> <span class='ocrx_word' id='word_1_46' title='bbox 892 916 946 969; x_wconf 91' lang='lat' dir='ltr'><strong>aut</strong></span> <span class='ocrx_word' id='word_1_47' title='bbox 956 908 1017 990; x_wconf 90' lang='lat' dir='ltr'><strong>ipsi</strong></span> <span class='ocrx_word' id='word_1_48' title='bbox 1028 908 1174 991; x_wconf 76' lang='lat' dir='ltr'><strong>Scipioni</strong></span> <span class='ocrx_word' id='word_1_49' title='bbox 1184 928 1254 973; x_wconf 81' lang='lat' dir='ltr'><strong>cna·</strong></span> 
     </span>
    </p>

    <p class='ocr_par' dir='ltr' id='par_1_6' title="bbox 106 993 1254 1076">
     <span class='ocr_line' id='line_1_6' title="bbox 106 993 1254 1076; baseline -0.004 -13"><span class='ocrx_word' id='word_1_50' title='bbox 106 1012 136 1063; x_wconf 76' lang='lat'><strong>21</strong></span> <span class='ocrx_word' id='word_1_51' title='bbox 158 996 276 1061; x_wconf 89' lang='lat' dir='ltr'><strong>sulendi</strong></span> <span class='ocrx_word' id='word_1_52' title='bbox 292 996 371 1058; x_wconf 81' lang='lat' dir='ltr'><strong>velut</strong></span> <span class='ocrx_word' id='word_1_53' title='bbox 385 995 416 1056; x_wconf 91' lang='lat' dir='ltr'><strong>in</strong></span> <span class='ocrx_word' id='word_1_54' title='bbox 433 996 587 1076; x_wconf 81' lang='lat' dir='ltr'><strong>captivam,</strong></span> <span class='ocrx_word' id='word_1_55' title='bbox 603 1012 679 1075; x_wconf 91' lang='lat' dir='ltr'><strong>quae</strong></span> <span class='ocrx_word' id='word_1_56' title='bbox 695 993 866 1056; x_wconf 72' lang='lat' dir='ltr'><strong>Masinissae</strong></span> <span class='ocrx_word' id='word_1_57' title='bbox 881 993 940 1054; x_wconf 92' lang='lat' dir='ltr'><strong>iam</strong></span> <span class='ocrx_word' id='word_1_58' title='bbox 956 1003 1057 1075; x_wconf 82' lang='lat' dir='ltr'><strong>nupta</strong></span> <span class='ocrx_word' id='word_1_59' title='bbox 1073 996 1165 1063; x_wconf 80' lang='lat' dir='ltr'><strong>toret</strong></span> <span class='ocrx_word' id='word_1_60' title='bbox 1197 996 1254 1058; x_wconf 85' lang='lat' dir='ltr'><strong>lar-</strong></span> 
     </span>
    </p>

    <p class='ocr_par' dir='ltr' id='par_1_7' title="bbox 159 1078 1253 1163">
     <span class='ocr_line' id='line_1_7' title="bbox 159 1078 1253 1163; baseline 0.001 -19"><span class='ocrx_word' id='word_1_61' title='bbox 159 1083 196 1145; x_wconf 92' lang='lat' dir='ltr'><strong>tis</strong></span> <span class='ocrx_word' id='word_1_62' title='bbox 210 1082 322 1162; x_wconf 89' lang='lat' dir='ltr'><strong>nuptiis</strong></span> <span class='ocrx_word' id='word_1_63' title='bbox 336 1080 510 1161; x_wconf 80' lang='lat' dir='ltr'><strong>supervenit</strong></span> <span class='ocrx_word' id='word_1_64' title='bbox 523 1079 640 1142; x_wconf 87' lang='lat' dir='ltr'><strong>Laelius</strong></span> <span class='ocrx_word' id='word_1_65' title='bbox 655 1088 685 1141; x_wconf 92' lang='lat' dir='ltr'><strong>et</strong></span> <span class='ocrx_word' id='word_1_66' title='bbox 698 1078 774 1141; x_wconf 91' lang='lat' dir='ltr'><strong>adeo</strong></span> <span class='ocrx_word' id='word_1_67' title='bbox 790 1097 852 1141; x_wconf 90' lang='lat' dir='ltr'><strong>non</strong></span> <span class='ocrx_word' id='word_1_68' title='bbox 867 1078 1069 1143; x_wconf 84' lang='lat' dir='ltr'><strong>dissimulavit</strong></span> <span class='ocrx_word' id='word_1_69' title='bbox 1084 1080 1253 1163; x_wconf 81' lang='lat' dir='ltr'><strong>improbare</strong></span> 
     </span>
    </p>

    <p class='ocr_par' dir='ltr' id='par_1_8' title="bbox 159 1164 1254 1248">
     <span class='ocr_line' id='line_1_8' title="bbox 159 1164 1254 1248; baseline 0 -18"><span class='ocrx_word' id='word_1_70' title='bbox 159 1186 191 1230; x_wconf 90' lang='lat' dir='ltr'><strong>se</strong></span> <span class='ocrx_word' id='word_1_71' title='bbox 213 1168 339 1239; x_wconf 88' lang='lat' dir='ltr'><strong>lactum,</strong></span> <span class='ocrx_word' id='word_1_72' title='bbox 361 1175 395 1228; x_wconf 93' lang='lat' dir='ltr'><strong>ut</strong></span> <span class='ocrx_word' id='word_1_73' title='bbox 413 1165 511 1247; x_wconf 91' lang='lat' dir='ltr'><strong>primo</strong></span> <span class='ocrx_word' id='word_1_74' title='bbox 532 1166 620 1227; x_wconf 88' lang='lat' dir='ltr'><strong>etiam</strong></span> <span class='ocrx_word' id='word_1_75' title='bbox 641 1182 711 1226; x_wconf 91' lang='lat' dir='ltr'><strong>cum</strong></span> <span class='ocrx_word' id='word_1_76' title='bbox 726 1164 861 1247; x_wconf 75' lang='lat' dir='ltr'>Syphace</span> <span class='ocrx_word' id='word_1_77' title='bbox 878 1172 910 1226; x_wconf 87' lang='lat' dir='ltr'><strong>et</strong></span> <span class='ocrx_word' id='word_1_78' title='bbox 930 1164 1042 1228; x_wconf 87' lang='lat' dir='ltr'><strong>ceteris</strong></span> <span class='ocrx_word' id='word_1_79' title='bbox 1065 1167 1254 1248; x_wconf 79' lang='lat' dir='ltr'><strong>captivisde·</strong></span> 
     </span>
    </p>

    <p class='ocr_par' dir='ltr' id='par_1_9' title="bbox 160 1248 1252 1329">
     <span class='ocr_line' id='line_1_9' title="bbox 160 1248 1252 1329; baseline 0.003 -16"><span class='ocrx_word' id='word_1_80' title='bbox 160 1261 284 1314; x_wconf 89' lang='lat' dir='ltr'><strong>tractam</strong></span> <span class='ocrx_word' id='word_1_81' title='bbox 309 1269 375 1313; x_wconf 89' lang='lat' dir='ltr'><strong>eam</strong></span> <span class='ocrx_word' id='word_1_82' title='bbox 400 1251 478 1312; x_wconf 90' lang='lat' dir='ltr'><strong>lecto</strong></span> <span class='ocrx_word' id='word_1_83' title='bbox 504 1250 613 1329; x_wconf 90' lang='lat' dir='ltr'><strong>geniali</strong></span> <span class='ocrx_word' id='word_1_84' title='bbox 642 1250 759 1312; x_wconf 91' lang='lat' dir='ltr'><strong>mittere</strong></span> <span class='ocrx_word' id='word_1_85' title='bbox 784 1250 820 1312; x_wconf 90' lang='lat' dir='ltr'><strong>ad</strong></span> <span class='ocrx_word' id='word_1_86' title='bbox 845 1248 1022 1329; x_wconf 74' lang='lat' dir='ltr'><strong>Scipionem</strong></span> <span class='ocrx_word' id='word_1_87' title='bbox 1052 1264 1187 1315; x_wconf 88' lang='lat' dir='ltr'><strong>conatus</strong></span> <span class='ocrx_word' id='word_1_88' title='bbox 1209 1253 1252 1315; x_wconf 83' lang='lat' dir='ltr'><strong>ait.</strong></span> 
     </span>
    </p>

    <p class='ocr_par' dir='ltr' id='par_1_10' title="bbox 108 1333 1253 1417">
     <span class='ocr_line' id='line_1_10' title="bbox 108 1333 1253 1417; baseline -0.002 -14"><span class='ocrx_word' id='word_1_89' title='bbox 108 1352 137 1403; x_wconf 84' lang='grc'><strong>22</strong></span> <span class='ocrx_word' id='word_1_90' title='bbox 159 1338 255 1399; x_wconf 86' lang='lat' dir='ltr'><strong>victus</strong></span> <span class='ocrx_word' id='word_1_91' title='bbox 276 1335 384 1399; x_wconf 88' lang='lat' dir='ltr'><strong>deinde</strong></span> <span class='ocrx_word' id='word_1_92' title='bbox 405 1334 545 1417; x_wconf 92' lang='lat' dir='ltr'><strong>precibus</strong></span> <span class='ocrx_word' id='word_1_93' title='bbox 564 1335 735 1397; x_wconf 73' lang='lat' dir='ltr'><strong>Masinissae</strong></span> <span class='ocrx_word' id='word_1_94' title='bbox 756 1335 884 1407; x_wconf 88' lang='lat' dir='ltr'><strong>orantis,</strong></span> <span class='ocrx_word' id='word_1_95' title='bbox 905 1342 939 1396; x_wconf 91' lang='lat' dir='ltr'><strong>ut</strong></span> <span class='ocrx_word' id='word_1_96' title='bbox 958 1333 1140 1412; x_wconf 78' lang='lat' dir='ltr'><strong>arbitrium,</strong></span> <span class='ocrx_word' id='word_1_97' title='bbox 1161 1338 1253 1401; x_wconf 88' lang='lat' dir='ltr'><strong>utrius</strong></span> 
     </span>
    </p>

    <p class='ocr_par' dir='ltr' id='par_1_11' title="bbox 162 1418 1251 1504">
     <span class='ocr_line' id='line_1_11' title="bbox 162 1418 1251 1504; baseline 0.002 -20"><span class='ocrx_word' id='word_1_98' title='bbox 162 1440 265 1501; x_wconf 88' lang='lat' dir='ltr'><strong>regum</strong></span> <span class='ocrx_word' id='word_1_99' title='bbox 293 1421 419 1485; x_wconf 89' lang='lat' dir='ltr'><strong>duorum</strong></span> <span class='ocrx_word' id='word_1_100' title='bbox 440 1422 579 1483; x_wconf 79' lang='lat' dir='ltr'><strong>fortunae</strong></span> <span class='ocrx_word' id='word_1_101' title='bbox 604 1420 734 1483; x_wconf 89' lang='lat' dir='ltr'><strong>accessio</strong></span> <span class='ocrx_word' id='word_1_102' title='bbox 755 1418 929 1499; x_wconf 86' lang='lat' dir='ltr'><strong>Sophoniba</strong></span> <span class='ocrx_word' id='word_1_103' title='bbox 950 1429 1048 1495; x_wconf 87' lang='lat' dir='ltr'><strong>esset,</strong></span> <span class='ocrx_word' id='word_1_104' title='bbox 1076 1423 1116 1485; x_wconf 93' lang='lat' dir='ltr'><strong>ad</strong></span> <span class='ocrx_word' id='word_1_105' title='bbox 1140 1424 1251 1504; x_wconf 92' lang='lat' dir='ltr'><strong>Scipio·</strong></span> 
     </span>
    </p>

    <p class='ocr_par' dir='ltr' id='par_1_12' title="bbox 163 1504 1252 1676">
     <span class='ocr_line' id='line_1_12' title="bbox 163 1504 1252 1586; baseline 0.003 -18"><span class='ocrx_word' id='word_1_106' title='bbox 163 1526 232 1569; x_wconf 88' lang='lat' dir='ltr'><strong>nem</strong></span> <span class='ocrx_word' id='word_1_107' title='bbox 247 1506 389 1580; x_wconf 88' lang='lat' dir='ltr'><strong>reiceret,</strong></span> <span class='ocrx_word' id='word_1_108' title='bbox 410 1505 500 1568; x_wconf 88' lang='lat' dir='ltr'><strong>misso</strong></span> <span class='ocrx_word' id='word_1_109' title='bbox 517 1506 652 1586; x_wconf 78' lang='lat' dir='ltr'><strong>Syphace</strong></span> <span class='ocrx_word' id='word_1_110' title='bbox 667 1515 698 1568; x_wconf 92' lang='lat' dir='ltr'><strong>et</strong></span> <span class='ocrx_word' id='word_1_111' title='bbox 712 1504 833 1585; x_wconf 83' lang='lat' dir='ltr'><strong>captivis</strong></span> <span class='ocrx_word' id='word_1_112' title='bbox 848 1513 962 1567; x_wconf 88' lang='lat' dir='ltr'><strong>ceteras</strong></span> <span class='ocrx_word' id='word_1_113' title='bbox 977 1504 1074 1569; x_wconf 86' lang='lat' dir='ltr'><strong>urbes</strong></span> <span class='ocrx_word' id='word_1_114' title='bbox 1089 1507 1252 1571; x_wconf 80' lang='lat' dir='ltr'><strong>Numidiae</strong></span> 
     </span>
     <span class='ocr_line' id='line_1_13' title="bbox 163 1589 1194 1676; baseline 0.004 -22"><span class='ocrx_word' id='word_1_115' title='bbox 163 1611 239 1672; x_wconf 87' lang='lat' dir='ltr'><strong>quoe</strong></span> <span class='ocrx_word' id='word_1_116' title='bbox 253 1591 408 1673; x_wconf 84' lang='lat' dir='ltr'><strong>praesidiis</strong></span> <span class='ocrx_word' id='word_1_117' title='bbox 422 1591 511 1671; x_wconf 89' lang='lat' dir='ltr'><strong>regiis</strong></span> <span class='ocrx_word' id='word_1_118' title='bbox 525 1591 714 1665; x_wconf 87' lang='lat' dir='ltr'><strong>tenebantur,</strong></span> <span class='ocrx_word' id='word_1_119' title='bbox 729 1590 884 1652; x_wconf 83' lang='lat' dir='ltr'><strong>adiuvante</strong></span> <span class='ocrx_word' id='word_1_120' title='bbox 899 1589 1053 1653; x_wconf 81' lang='lat' dir='ltr'><strong>Masinissa</strong></span> <span class='ocrx_word' id='word_1_121' title='bbox 1071 1594 1194 1676; x_wconf 75' lang='lat' dir='ltr'><strong>recipis</strong></span> 
     </span>
    </p>

    <p class='ocr_par' dir='ltr' id='par_1_13' title="bbox 111 1675 1253 1758">
     <span class='ocr_line' id='line_1_14' title="bbox 111 1675 1253 1758; baseline 0 -15"><span class='ocrx_word' id='word_1_122' title='bbox 111 1686 146 1743; x_wconf 87' lang='lat' dir='ltr'><strong>1t</strong></span> <span class='ocrx_word' id='word_1_123' title='bbox 250 1677 414 1758; x_wconf 75' lang='lat' dir='ltr'><strong>Syphacem</strong></span> <span class='ocrx_word' id='word_1_124' title='bbox 431 1678 461 1738; x_wconf 93' lang='lat' dir='ltr'><strong>in</strong></span> <span class='ocrx_word' id='word_1_125' title='bbox 475 1686 570 1739; x_wconf 89' lang='lat' dir='ltr'><strong>castra</strong></span> <span class='ocrx_word' id='word_1_126' title='bbox 585 1675 691 1738; x_wconf 79' lang='lat' dir='ltr'><strong>adduci</strong></span> <span class='ocrx_word' id='word_1_127' title='bbox 705 1694 774 1737; x_wconf 93' lang='lat' dir='ltr'><strong>cum</strong></span> <span class='ocrx_word' id='word_1_128' title='bbox 789 1684 866 1737; x_wconf 88' lang='lat' dir='ltr'><strong>esset</strong></span> <span class='ocrx_word' id='word_1_129' title='bbox 881 1675 1064 1751; x_wconf 89' lang='lat' dir='ltr'><strong>nuntiatum,</strong></span> <span class='ocrx_word' id='word_1_130' title='bbox 1081 1679 1186 1742; x_wconf 87' lang='lat' dir='ltr'><strong>omnis</strong></span> <span class='ocrx_word' id='word_1_131' title='bbox 1196 1680 1253 1743; x_wconf 77' lang='lat' dir='ltr'><strong>sel·</strong></span> 
     </span>
    </p>

    <p class='ocr_par' dir='ltr' id='par_1_14' title="bbox 125 1760 1252 1843">
     <span class='ocr_line' id='line_1_15' title="bbox 125 1760 1252 1843; baseline 0 -15"><span class='ocrx_word' id='word_1_132' title='bbox 125 1778 140 1828; x_wconf 80' lang='grc'>2</span> <span class='ocrx_word' id='word_1_133' title='bbox 163 1771 196 1824; x_wconf 94' lang='lat' dir='ltr'><strong>ut</strong></span> <span class='ocrx_word' id='word_1_134' title='bbox 217 1761 253 1823; x_wconf 92' lang='lat' dir='ltr'><strong>ad</strong></span> <span class='ocrx_word' id='word_1_135' title='bbox 281 1762 483 1843; x_wconf 86' lang='lat' dir='ltr'><strong>spectaculum</strong></span> <span class='ocrx_word' id='word_1_136' title='bbox 506 1761 647 1843; x_wconf 88' lang='lat' dir='ltr'><strong>triumphi</strong></span> <span class='ocrx_word' id='word_1_137' title='bbox 668 1761 827 1823; x_wconf 89' lang='lat' dir='ltr'><strong>multitudo</strong></span> <span class='ocrx_word' id='word_1_138' title='bbox 847 1760 940 1823; x_wconf 86' lang='lat' dir='ltr'><strong>ellusa</strong></span> <span class='ocrx_word' id='word_1_139' title='bbox 959 1771 1016 1823; x_wconf 87' lang='lat' dir='ltr'><strong>est.</strong></span> <span class='ocrx_word' id='word_1_140' title='bbox 1054 1765 1252 1842; x_wconf 85' lang='lat' dir='ltr'><strong>praecedebat</strong></span> 
     </span>
    </p>

    <p class='ocr_par' dir='ltr' id='par_1_15' title="bbox 163 1844 1253 1931">
     <span class='ocr_line' id='line_1_16' title="bbox 163 1844 1253 1931; baseline 0.005 -23"><span class='ocrx_word' id='word_1_141' title='bbox 163 1848 228 1929; x_wconf 88' lang='lat' dir='ltr'><strong>ipse</strong></span> <span class='ocrx_word' id='word_1_142' title='bbox 243 1847 369 1920; x_wconf 81' lang='lat' dir='ltr'><strong>vinctus,</strong></span> <span class='ocrx_word' id='word_1_143' title='bbox 384 1845 566 1926; x_wconf 87' lang='lat' dir='ltr'><strong>sequebatur</strong></span> <span class='ocrx_word' id='word_1_144' title='bbox 580 1865 652 1928; x_wconf 86' lang='lat' dir='ltr'><strong>grex</strong></span> <span class='ocrx_word' id='word_1_145' title='bbox 669 1846 814 1908; x_wconf 91' lang='lat' dir='ltr'><strong>nobilium</strong></span> <span class='ocrx_word' id='word_1_146' title='bbox 829 1844 1034 1909; x_wconf 86' lang='lat' dir='ltr'><strong>Numidarum.</strong></span> <span class='ocrx_word' id='word_1_147' title='bbox 1065 1858 1146 1922; x_wconf 86' lang='lat' dir='ltr'><strong>tum,</strong></span> <span class='ocrx_word' id='word_1_148' title='bbox 1162 1869 1253 1931; x_wconf 71' lang='lat' dir='ltr'><strong>quare</strong></span> 
     </span>
    </p>

    <p class='ocr_par' dir='ltr' id='par_1_16' title="bbox 163 1930 1252 2014">
     <span class='ocr_line' id='line_1_17' title="bbox 163 1930 1252 2014; baseline 0.006 -22"><span class='ocrx_word' id='word_1_149' title='bbox 163 1942 227 1993; x_wconf 92' lang='lat' dir='ltr'><strong>tum</strong></span> <span class='ocrx_word' id='word_1_150' title='bbox 240 1933 366 2011; x_wconf 89' lang='lat' dir='ltr'><strong>quisque</strong></span> <span class='ocrx_word' id='word_1_151' title='bbox 378 1932 540 2013; x_wconf 91' lang='lat' dir='ltr'><strong>plurimum</strong></span> <span class='ocrx_word' id='word_1_152' title='bbox 552 1941 678 2014; x_wconf 88' lang='lat' dir='ltr'><strong>poterat,</strong></span> <span class='ocrx_word' id='word_1_153' title='bbox 693 1930 889 2013; x_wconf 77' lang='lat' dir='ltr'><strong>magnitudini</strong></span> <span class='ocrx_word' id='word_1_154' title='bbox 901 1931 1056 2012; x_wconf 78' lang='lat' dir='ltr'><strong>Syphacis,</strong></span> <span class='ocrx_word' id='word_1_155' title='bbox 1072 1935 1173 1998; x_wconf 84' lang='lat' dir='ltr'><strong>lamae</strong></span> <span class='ocrx_word' id='word_1_156' title='bbox 1182 1954 1252 2010; x_wconf 70' lang='lat' dir='ltr'><strong>aen·</strong></span> 
     </span>
    </p>

    <p class='ocr_par' dir='ltr' id='par_1_17' title="bbox 127 2014 1254 2099">
     <span class='ocr_line' id='line_1_18' title="bbox 127 2014 1254 2099; baseline 0.003 -18"><span class='ocrx_word' id='word_1_157' title='bbox 127 2031 142 2081; x_wconf 81' lang='lat' dir='ltr'><strong>e</strong></span> <span class='ocrx_word' id='word_1_158' title='bbox 164 2016 201 2077; x_wconf 89' lang='lat' dir='ltr'><strong>tis</strong></span> <span class='ocrx_word' id='word_1_159' title='bbox 224 2017 375 2078; x_wconf 84' lang='lat' dir='ltr'><strong>victoriam</strong></span> <span class='ocrx_word' id='word_1_160' title='bbox 396 2036 480 2080; x_wconf 87' lang='lat' dir='ltr'><strong>suam</strong></span> <span class='ocrx_word' id='word_1_161' title='bbox 495 2018 631 2098; x_wconf 88' lang='lat' dir='ltr'><strong>augendo</strong></span> <span class='ocrx_word' id='word_1_162' title='bbox 655 2016 816 2080; x_wconf 85' lang='lat' dir='ltr'><strong>addebant:</strong></span> <span class='ocrx_word' id='word_1_163' title='bbox 841 2014 923 2078; x_wconf 91' lang='lat' dir='ltr'><strong>illum</strong></span> <span class='ocrx_word' id='word_1_164' title='bbox 945 2035 1012 2079; x_wconf 81' lang='lat' dir='ltr'><strong>esse</strong></span> <span class='ocrx_word' id='word_1_165' title='bbox 1028 2036 1153 2099; x_wconf 88' lang='lat' dir='ltr'><strong>regem,</strong></span> <span class='ocrx_word' id='word_1_166' title='bbox 1171 2021 1254 2084; x_wconf 86' lang='lat' dir='ltr'><strong>cuins</strong></span> 
     </span>
    </p>

    <p class='ocr_par' dir='ltr' id='par_1_18' title="bbox 164 2101 1253 2188">
     <span class='ocr_line' id='line_1_19' title="bbox 164 2101 1253 2188; baseline 0.007 -27"><span class='ocrx_word' id='word_1_167' title='bbox 164 2109 278 2161; x_wconf 87' lang='lat' dir='ltr'><strong>tantum</strong></span> <span class='ocrx_word' id='word_1_168' title='bbox 306 2102 450 2164; x_wconf 90' lang='lat' dir='ltr'><strong>maiestati</strong></span> <span class='ocrx_word' id='word_1_169' title='bbox 477 2102 538 2165; x_wconf 92' lang='lat' dir='ltr'><strong>duo</strong></span> <span class='ocrx_word' id='word_1_170' title='bbox 564 2102 760 2185; x_wconf 80' lang='lat' dir='ltr'><strong>potentissimi</strong></span> <span class='ocrx_word' id='word_1_171' title='bbox 786 2102 817 2165; x_wconf 92' lang='lat' dir='ltr'><strong>in</strong></span> <span class='ocrx_word' id='word_1_172' title='bbox 844 2102 931 2164; x_wconf 85' lang='lat' dir='ltr'><strong>terris</strong></span> <span class='ocrx_word' id='word_1_173' title='bbox 955 2101 1125 2168; x_wconf 89' lang='lat' dir='ltr'><strong>tribuerint</strong></span> <span class='ocrx_word' id='word_1_174' title='bbox 1143 2107 1253 2188; x_wconf 83' lang='lat' dir='ltr'><strong>populi,</strong></span> 
     </span>
    </p>

    <p class='ocr_par' dir='ltr' id='par_1_19' title="bbox 127 2185 1251 2269">
     <span class='ocr_line' id='line_1_20' title="bbox 127 2185 1251 2269; baseline 0.005 -21"><span class='ocrx_word' id='word_1_175' title='bbox 127 2199 142 2248; x_wconf 82' lang='grc'>4</span> <span class='ocrx_word' id='word_1_176' title='bbox 163 2185 316 2247; x_wconf 83' lang='lat' dir='ltr'><strong>Romanus</strong></span> <span class='ocrx_word' id='word_1_177' title='bbox 332 2185 652 2269; x_wconf 79' lang='lat' dir='ltr'><strong>Carthaginiensisque,</strong></span> <span class='ocrx_word' id='word_1_178' title='bbox 673 2199 706 2250; x_wconf 93' lang='lat' dir='ltr'><strong>ut</strong></span> <span class='ocrx_word' id='word_1_179' title='bbox 721 2187 832 2268; x_wconf 84' lang='lat' dir='ltr'><strong>Scipio,</strong></span> <span class='ocrx_word' id='word_1_180' title='bbox 852 2188 1013 2267; x_wconf 88' lang='lat' dir='ltr'><strong>imperator</strong></span> <span class='ocrx_word' id='word_1_181' title='bbox 1027 2207 1116 2263; x_wconf 87' lang='lat' dir='ltr'><strong>suus,</strong></span> <span class='ocrx_word' id='word_1_182' title='bbox 1131 2192 1169 2253; x_wconf 89' lang='lat' dir='ltr'><strong>ad</strong></span> <span class='ocrx_word' id='word_1_183' title='bbox 1184 2194 1251 2254; x_wconf 92' lang='lat' dir='ltr'><strong>ami·</strong></span> 
     </span>
    </p>

    <p class='ocr_par' dir='ltr' id='par_1_20' title="bbox 165 2270 1253 2357">
     <span class='ocr_line' id='line_1_21' title="bbox 165 2270 1253 2357; baseline 0.01 -26"><span class='ocrx_word' id='word_1_184' title='bbox 165 2270 264 2332; x_wconf 89' lang='lat' dir='ltr'><strong>citiam</strong></span> <span class='ocrx_word' id='word_1_185' title='bbox 291 2271 355 2333; x_wconf 92' lang='lat' dir='ltr'><strong>eius</strong></span> <span class='ocrx_word' id='word_1_186' title='bbox 381 2272 555 2353; x_wconf 84' lang='lat' dir='ltr'><strong>petendam,</strong></span> <span class='ocrx_word' id='word_1_187' title='bbox 582 2274 683 2335; x_wconf 90' lang='lat' dir='ltr'><strong>relicta</strong></span> <span class='ocrx_word' id='word_1_188' title='bbox 709 2274 861 2354; x_wconf 84' lang='lat' dir='ltr'><strong>provincia</strong></span> <span class='ocrx_word' id='word_1_189' title='bbox 884 2271 1025 2351; x_wconf 87' lang='lat' dir='ltr'><strong>llispania</strong></span> <span class='ocrx_word' id='word_1_190' title='bbox 1047 2280 1253 2357; x_wconf 83' lang='lat' dir='ltr'><strong>exercituque.</strong></span> 
     </span>
    </p>

    <p class='ocr_par' dir='ltr' id='par_1_21' title="bbox 128 2356 1254 2437">
     <span class='ocr_line' id='line_1_22' title="bbox 128 2356 1254 2437; baseline 0.008 -21"><span class='ocrx_word' id='word_1_191' title='bbox 128 2367 143 2417; x_wconf 81' lang='lat'><strong>5</strong></span> <span class='ocrx_word' id='word_1_192' title='bbox 163 2356 279 2417; x_wconf 88' lang='lat' dir='ltr'><strong>duabus</strong></span> <span class='ocrx_word' id='word_1_193' title='bbox 294 2358 560 2437; x_wconf 86' lang='lat' dir='ltr'><strong>quinqueremibus</strong></span> <span class='ocrx_word' id='word_1_194' title='bbox 575 2361 606 2420; x_wconf 92' lang='lat' dir='ltr'><strong>in</strong></span> <span class='ocrx_word' id='word_1_195' title='bbox 622 2359 750 2419; x_wconf 82' lang='lat' dir='ltr'><strong>dlricam</strong></span> <span class='ocrx_word' id='word_1_196' title='bbox 768 2358 956 2437; x_wconf 82' lang='lat' dir='ltr'><strong>navigaverit,</strong></span> <span class='ocrx_word' id='word_1_197' title='bbox 978 2357 1161 2436; x_wconf 84' lang='lat' dir='ltr'><strong>Hasdrubal,</strong></span> <span class='ocrx_word' id='word_1_198' title='bbox 1184 2364 1254 2425; x_wconf 85' lang='lat' dir='ltr'><strong>Poe·</strong></span> 
     </span>
    </p>

    <p class='ocr_par' dir='ltr' id='par_1_22' title="bbox 166 2443 1252 2525">
     <span class='ocr_line' id='line_1_23' title="bbox 166 2443 1252 2525; baseline 0.006 -21"><span class='ocrx_word' id='word_1_199' title='bbox 166 2460 274 2504; x_wconf 88' lang='lat' dir='ltr'><strong>norum</strong></span> <span class='ocrx_word' id='word_1_200' title='bbox 291 2443 463 2523; x_wconf 86' lang='lat' dir='ltr'><strong>imperator,</strong></span> <span class='ocrx_word' id='word_1_201' title='bbox 480 2463 540 2505; x_wconf 91' lang='lat' dir='ltr'><strong>non</strong></span> <span class='ocrx_word' id='word_1_202' title='bbox 558 2445 620 2525; x_wconf 89' lang='lat' dir='ltr'><strong>ipse</strong></span> <span class='ocrx_word' id='word_1_203' title='bbox 636 2443 724 2505; x_wconf 88' lang='lat' dir='ltr'><strong>modo</strong></span> <span class='ocrx_word' id='word_1_204' title='bbox 740 2445 775 2504; x_wconf 86' lang='lat' dir='ltr'><strong>ad</strong></span> <span class='ocrx_word' id='word_1_205' title='bbox 792 2463 859 2506; x_wconf 88' lang='lat' dir='ltr'><strong>eum</strong></span> <span class='ocrx_word' id='word_1_206' title='bbox 877 2444 907 2503; x_wconf 89' lang='lat' dir='ltr'><strong>in</strong></span> <span class='ocrx_word' id='word_1_207' title='bbox 920 2461 1048 2522; x_wconf 89' lang='lat' dir='ltr'><strong>regnum</strong></span> <span class='ocrx_word' id='word_1_208' title='bbox 1062 2450 1192 2517; x_wconf 81' lang='lat' dir='ltr'><strong>venerit.</strong></span> <span class='ocrx_word' id='word_1_209' title='bbox 1207 2450 1252 2511; x_wconf 81' lang='lat' dir='ltr'><strong>sed</strong></span> 
     </span>
    </p>

    <p class='ocr_par' dir='ltr' id='par_1_23' title="bbox 166 2528 1253 2614">
     <span class='ocr_line' id='line_1_24' title="bbox 166 2528 1253 2614; baseline 0.005 -25"><span class='ocrx_word' id='word_1_210' title='bbox 166 2530 253 2589; x_wconf 87' lang='lat' dir='ltr'><strong>etiam</strong></span> <span class='ocrx_word' id='word_1_211' title='bbox 270 2528 357 2590; x_wconf 86' lang='lat' dir='ltr'><strong>filiam</strong></span> <span class='ocrx_word' id='word_1_212' title='bbox 380 2530 406 2591; x_wconf 91' lang='lat' dir='ltr'><strong>ei</strong></span> <span class='ocrx_word' id='word_1_213' title='bbox 423 2540 548 2609; x_wconf 87' lang='lat' dir='ltr'><strong>nuptum</strong></span> <span class='ocrx_word' id='word_1_214' title='bbox 570 2530 694 2591; x_wconf 84' lang='lat' dir='ltr'><strong>dederit.</strong></span> <span class='ocrx_word' id='word_1_215' title='bbox 731 2529 869 2591; x_wconf 89' lang='lat' dir='ltr'><strong>habuisse</strong></span> <span class='ocrx_word' id='word_1_216' title='bbox 888 2547 955 2589; x_wconf 86' lang='lat' dir='ltr'><strong>euna</strong></span> <span class='ocrx_word' id='word_1_217' title='bbox 977 2547 1041 2591; x_wconf 91' lang='lat' dir='ltr'><strong>uno</strong></span> <span class='ocrx_word' id='word_1_218' title='bbox 1064 2542 1206 2614; x_wconf 89' lang='lat' dir='ltr'><strong>tempore</strong></span> <span class='ocrx_word' id='word_1_219' title='bbox 1226 2537 1253 2595; x_wconf 89' lang='lat' dir='ltr'><strong>in</strong></span> 
     </span>
    </p>
   </div>
   <div class='ocr_carea' id='block_1_4' title="bbox 165 2658 1259 4235">
    <p class='ocr_par' dir='ltr' id='par_1_24' title="bbox 165 2658 1259 4235">
     <span class='ocr_line' id='line_1_25' title="bbox 166 2658 1254 2743; baseline 0.006 -30"><span class='ocrx_word' id='word_1_220' title='bbox 166 2658 229 2713; x_wconf 72' lang='grc' dir='ltr'><strong>οὐδὲ</strong></span> <span class='ocrx_word' id='word_1_221' title='bbox 246 2665 298 2730; x_wconf 73' lang='grc' dir='ltr'><strong>γὰρ</strong></span> <span class='ocrx_word' id='word_1_222' title='bbox 312 2658 484 2728; x_wconf 72' lang='grc' dir='ltr'><strong>αἰχμάλωτοι</strong></span> <span class='ocrx_word' id='word_1_223' title='bbox 495 2667 615 2732; x_wconf 66' lang='grc' dir='ltr'>γέγονας,</span> <span class='ocrx_word' id='word_1_224' title='bbox 634 2668 681 2730; x_wconf 75' lang='lat' dir='ltr'><strong>tpal</strong></span> <span class='ocrx_word' id='word_1_225' title='bbox 734 2660 950 2729; x_wconf 79' lang='lat' dir='ltr'><strong>hingtsortunae</strong></span> <span class='ocrx_word' id='word_1_226' title='bbox 961 2661 1254 2743; x_wconf 72' lang='lat' dir='ltr'><strong>ab,3-‘vesseatituet</strong></span> 
     </span>
     <span class='ocr_line' id='line_1_26' title="bbox 166 2730 1254 2796; baseline 0.006 -15"><span class='ocrx_word' id='word_1_227' title='bbox 166 2734 311 2796; x_wconf 77' lang='grc' dir='ltr'><em>σύμμαχον</em></span> <span class='ocrx_word' id='word_1_228' title='bbox 329 2731 455 2796; x_wconf 77' lang='grc' dir='ltr'>ἔχοι·σα“.</span> <span class='ocrx_word' id='word_1_229' title='bbox 734 2730 760 2783; x_wconf 90' lang='lat' dir='ltr'><strong>S.</strong></span> <span class='ocrx_word' id='word_1_230' title='bbox 767 2731 915 2782; x_wconf 86' lang='lat' dir='ltr'><strong>rermehren</strong></span> <span class='ocrx_word' id='word_1_231' title='bbox 926 2730 1003 2783; x_wconf 85' lang='lat' dir='ltr'><strong>sollte</strong></span> <span class='ocrx_word' id='word_1_232' title='bbox 1023 2731 1181 2792; x_wconf 75' lang='lat' dir='ltr'><strong>:fortunas</strong></span> <span class='ocrx_word' id='word_1_233' title='bbox 1190 2736 1254 2788; x_wconf 80' lang='lat' dir='ltr'><strong>kann</strong></span> 
     </span>
     <span class='ocr_line' id='line_1_27' title="bbox 203 2797 1254 2872; baseline 0.003 -20"><span class='ocrx_word' id='word_1_234' title='bbox 203 2802 241 2852; x_wconf 83' lang='grc'><strong>19.</strong></span> <span class='ocrx_word' id='word_1_235' title='bbox 263 2802 365 2849; x_wconf 78' lang='lat' dir='ltr'><strong>institit</strong></span> <span class='ocrx_word' id='word_1_236' title='bbox 388 2836 395 2850; x_wconf 89' lang='lat'><strong>.</strong></span> <span class='ocrx_word' id='word_1_237' title='bbox 418 2835 425 2851; x_wconf 89' lang='lat'><strong>.</strong></span> <span class='ocrx_word' id='word_1_238' title='bbox 447 2801 586 2864; x_wconf 84' lang='lat' dir='ltr'><strong>reputare]</strong></span> <span class='ocrx_word' id='word_1_239' title='bbox 609 2813 630 2850; x_wconf 90' lang='lat' dir='ltr'><strong>s.</strong></span> <span class='ocrx_word' id='word_1_240' title='bbox 648 2815 679 2851; x_wconf 88' lang='lat' dir='ltr'><strong>zu</strong></span> <span class='ocrx_word' id='word_1_241' title='bbox 732 2800 771 2850; x_wconf 90' lang='lat' dir='ltr'><strong>als</strong></span> <span class='ocrx_word' id='word_1_242' title='bbox 795 2799 902 2850; x_wconf 80' lang='lat' dir='ltr'><strong>Genetiv</strong></span> <span class='ocrx_word' id='word_1_243' title='bbox 925 2797 988 2850; x_wconf 84' lang='lat' dir='ltr'><strong>oder</strong></span> <span class='ocrx_word' id='word_1_244' title='bbox 1010 2798 1089 2852; x_wconf 82' lang='lat' dir='ltr'><strong>llativ</strong></span> <span class='ocrx_word' id='word_1_245' title='bbox 1115 2804 1254 2872; x_wconf 83' lang='lat' dir='ltr'><strong>aulgelatst</strong></span> 
     </span>
     <span class='ocr_line' id='line_1_28' title="bbox 165 2865 1253 2935; baseline 0.005 -17"><span class='ocrx_word' id='word_1_246' title='bbox 165 2871 190 2927; x_wconf 89' lang='grc'><strong>4,</strong></span> <span class='ocrx_word' id='word_1_247' title='bbox 203 2869 243 2929; x_wconf 93' lang='grc'><strong>22,</strong></span> <span class='ocrx_word' id='word_1_248' title='bbox 257 2871 286 2925; x_wconf 86' lang='grc'><strong>4;</strong></span> <span class='ocrx_word' id='word_1_249' title='bbox 312 2883 343 2919; x_wconf 85' lang='lat' dir='ltr'><strong>au</strong></span> <span class='ocrx_word' id='word_1_250' title='bbox 367 2882 453 2919; x_wconf 79' lang='lat' dir='ltr'><strong>secum</strong></span> <span class='ocrx_word' id='word_1_251' title='bbox 472 2869 529 2933; x_wconf 79' lang='lat' dir='ltr'><strong>ipse</strong></span> <span class='ocrx_word' id='word_1_252' title='bbox 546 2867 598 2932; x_wconf 83' lang='lat' dir='ltr'><strong>vgl.</strong></span> <span class='ocrx_word' id='word_1_253' title='bbox 617 2865 680 2920; x_wconf 84' lang='lat' dir='ltr'><strong>Sall.</strong></span> <span class='ocrx_word' id='word_1_254' title='bbox 732 2867 849 2927; x_wconf 84' lang='lat' dir='ltr'><strong>werden;</strong></span> <span class='ocrx_word' id='word_1_255' title='bbox 867 2882 889 2918; x_wconf 88' lang='lat' dir='ltr'><strong>s.</strong></span> <span class='ocrx_word' id='word_1_256' title='bbox 908 2882 939 2918; x_wconf 85' lang='lat' dir='ltr'><strong>an</strong></span> <span class='ocrx_word' id='word_1_257' title='bbox 958 2870 1000 2931; x_wconf 84' lang='grc'><strong>40,</strong></span> <span class='ocrx_word' id='word_1_258' title='bbox 1013 2870 1043 2929; x_wconf 66' lang='grc'><strong>3,</strong></span> <span class='ocrx_word' id='word_1_259' title='bbox 1063 2870 1120 2935; x_wconf 74' lang='lat' dir='ltr'><strong>egl.</strong></span> <span class='ocrx_word' id='word_1_260' title='bbox 1134 2876 1253 2934; x_wconf 76' lang='grc'>111,1,2;</span> 
     </span>
     <span class='ocr_line' id='line_1_29' title="bbox 166 2934 1255 3008; baseline 0.003 -21"><span class='ocrx_word' id='word_1_261' title='bbox 166 2937 250 2998; x_wconf 62' lang='grc'>032,</span> <span class='ocrx_word' id='word_1_262' title='bbox 270 2939 296 2995; x_wconf 71' lang='grc'><strong>1,</strong></span> <span class='ocrx_word' id='word_1_263' title='bbox 320 2934 372 3001; x_wconf 90' lang='lat' dir='ltr'><strong>lug.</strong></span> <span class='ocrx_word' id='word_1_264' title='bbox 393 2937 451 2999; x_wconf 90' lang='grc'>113,</span> <span class='ocrx_word' id='word_1_265' title='bbox 472 2939 497 2993; x_wconf 70' lang='lat' dir='ltr'><strong>l,</strong></span> <span class='ocrx_word' id='word_1_266' title='bbox 521 2934 597 3000; x_wconf 85' lang='lat' dir='ltr'><strong>Verg.</strong></span> <span class='ocrx_word' id='word_1_267' title='bbox 616 2936 679 2987; x_wconf 79' lang='lat' dir='ltr'><strong>hen.</strong></span> <span class='ocrx_word' id='word_1_268' title='bbox 731 2937 843 2985; x_wconf 80' lang='lat' dir='ltr'><strong>minima</strong></span> <span class='ocrx_word' id='word_1_269' title='bbox 873 2937 990 2986; x_wconf 78' lang='lat' dir='ltr'><strong>accersio</strong></span> <span class='ocrx_word' id='word_1_270' title='bbox 1016 2953 1128 3003; x_wconf 76' lang='lat' dir='ltr'><strong>semper·</strong></span> <span class='ocrx_word' id='word_1_271' title='bbox 1157 2942 1255 3008; x_wconf 78' lang='lat' dir='ltr'><strong>Epirus</strong></span> 
     </span>
     <span class='ocr_line' id='line_1_30' title="bbox 167 3002 1254 3073; baseline 0 -15"><span class='ocrx_word' id='word_1_272' title='bbox 167 3008 189 3061; x_wconf 82' lang='grc'><strong>6,</strong></span> <span class='ocrx_word' id='word_1_273' title='bbox 211 3007 271 3063; x_wconf 83' lang='grc'>185;</span> <span class='ocrx_word' id='word_1_274' title='bbox 295 3002 355 3055; x_wconf 81' lang='lat' dir='ltr'><strong>Tac.</strong></span> <span class='ocrx_word' id='word_1_275' title='bbox 373 3003 439 3055; x_wconf 77' lang='lat' dir='ltr'><strong>Anu.</strong></span> <span class='ocrx_word' id='word_1_276' title='bbox 460 3007 499 3065; x_wconf 88' lang='grc'><strong>14,</strong></span> <span class='ocrx_word' id='word_1_277' title='bbox 522 3006 562 3055; x_wconf 86' lang='grc'>53.</span> <span class='ocrx_word' id='word_1_278' title='bbox 587 3032 620 3042; x_wconf 91' lang='grc'>-</span> <span class='ocrx_word' id='word_1_279' title='bbox 644 3006 677 3054; x_wconf 86' lang='lat' dir='ltr'><strong>ab</strong></span> <span class='ocrx_word' id='word_1_280' title='bbox 731 3019 814 3069; x_wconf 81' lang='lat' dir='ltr'><strong>regno</strong></span> <span class='ocrx_word' id='word_1_281' title='bbox 838 3003 1009 3055; x_wconf 82' lang='lat' dir='ltr'><strong>Macedoniae</strong></span> <span class='ocrx_word' id='word_1_282' title='bbox 1032 3004 1105 3065; x_wconf 74' lang='lat' dir='ltr'><strong>licit:</strong></span> <span class='ocrx_word' id='word_1_283' title='bbox 1134 3010 1179 3073; x_wconf 86' lang='grc'><strong>36,</strong></span> <span class='ocrx_word' id='word_1_284' title='bbox 1194 3012 1254 3065; x_wconf 83' lang='grc' dir='ltr'>ἵ,6;</span> 
     </span>
     <span class='ocr_line' id='line_1_31' title="bbox 167 3070 1256 3137; baseline 0.003 -14"><span class='ocrx_word' id='word_1_285' title='bbox 167 3088 259 3123; x_wconf 85' lang='lat' dir='ltr'><strong>amore</strong></span> <span class='ocrx_word' id='word_1_286' title='bbox 272 3074 306 3133; x_wconf 90' lang='lat'><strong>..]</strong></span> <span class='ocrx_word' id='word_1_287' title='bbox 320 3071 435 3137; x_wconf 79' lang='lat' dir='ltr'><strong>unlibig,</strong></span> <span class='ocrx_word' id='word_1_288' title='bbox 449 3072 531 3123; x_wconf 87' lang='lat' dir='ltr'><strong>selbst</strong></span> <span class='ocrx_word' id='word_1_289' title='bbox 544 3072 619 3122; x_wconf 89' lang='lat' dir='ltr'><strong>einen</strong></span> <span class='ocrx_word' id='word_1_290' title='bbox 634 3071 681 3123; x_wconf 87' lang='lat' dir='ltr'><strong>Be·</strong></span> <span class='ocrx_word' id='word_1_291' title='bbox 734 3074 849 3123; x_wconf 78' lang='lat' dir='ltr'><strong>accessio</strong></span> <span class='ocrx_word' id='word_1_292' title='bbox 872 3071 909 3122; x_wconf 93' lang='lat' dir='ltr'><strong>ad</strong></span> <span class='ocrx_word' id='word_1_293' title='bbox 926 3070 1077 3124; x_wconf 77' lang='lat' dir='ltr'><strong>Romanurn</strong></span> <span class='ocrx_word' id='word_1_294' title='bbox 1095 3076 1208 3128; x_wconf 73' lang='lat' dir='ltr'><strong>ballum.</strong></span> <span class='ocrx_word' id='word_1_295' title='bbox 1225 3104 1256 3116; x_wconf 95' lang='lat'>-</span> 
     </span>
     <span class='ocr_line' id='line_1_32' title="bbox 165 3139 1256 3211; baseline 0.005 -20"><span class='ocrx_word' id='word_1_296' title='bbox 165 3140 263 3191; x_wconf 87' lang='lat' dir='ltr'><strong>schluls</strong></span> <span class='ocrx_word' id='word_1_297' title='bbox 274 3154 305 3190; x_wconf 83' lang='lat' dir='ltr'><strong>an</strong></span> <span class='ocrx_word' id='word_1_298' title='bbox 316 3139 410 3203; x_wconf 85' lang='lat' dir='ltr'><strong>lassen,</strong></span> <span class='ocrx_word' id='word_1_299' title='bbox 421 3140 482 3191; x_wconf 79' lang='lat' dir='ltr'><strong>lilst</strong></span> <span class='ocrx_word' id='word_1_300' title='bbox 492 3155 519 3191; x_wconf 88' lang='lat' dir='ltr'><strong>er</strong></span> <span class='ocrx_word' id='word_1_301' title='bbox 529 3139 583 3191; x_wconf 87' lang='lat' dir='ltr'><strong>sich</strong></span> <span class='ocrx_word' id='word_1_302' title='bbox 595 3155 681 3191; x_wconf 81' lang='lat' dir='ltr'><strong>ron..</strong></span> <span class='ocrx_word' id='word_1_303' title='bbox 732 3141 1001 3203; x_wconf 61' lang='lat' dir='ltr'><strong>radendam,</strong></span> <span class='ocrx_word' id='word_1_304' title='bbox 1022 3145 1045 3192; x_wconf 95' lang='grc'><strong>1.</strong></span> <span class='ocrx_word' id='word_1_305' title='bbox 1071 3170 1104 3180; x_wconf 89' lang='lat'><strong>·—</strong></span> <span class='ocrx_word' id='word_1_306' title='bbox 1131 3148 1256 3211; x_wconf 74' lang='lat' dir='ltr'><strong>capriata]</strong></span> 
     </span>
     <span class='ocr_line' id='line_1_33' title="bbox 165 3206 1141 3275; baseline 0.004 -16"><span class='ocrx_word' id='word_1_307' title='bbox 165 3206 300 3271; x_wconf 87' lang='lat' dir='ltr'><strong>eingeben.</strong></span> <span class='ocrx_word' id='word_1_308' title='bbox 313 3235 345 3244; x_wconf 91' lang='lat'>-</span> <span class='ocrx_word' id='word_1_309' title='bbox 364 3208 513 3275; x_wconf 69' lang='lat' dir='ltr'><strong>impudens]</strong></span> <span class='ocrx_word' id='word_1_310' title='bbox 533 3207 611 3259; x_wconf 86' lang='lat' dir='ltr'><strong>durch</strong></span> <span class='ocrx_word' id='word_1_311' title='bbox 631 3208 680 3259; x_wconf 93' lang='lat' dir='ltr'><strong>den</strong></span> <span class='ocrx_word' id='word_1_312' title='bbox 733 3208 784 3274; x_wconf 82' lang='lat' dir='ltr'><strong>rgl.</strong></span> <span class='ocrx_word' id='word_1_313' title='bbox 804 3208 878 3273; x_wconf 65' lang='lat' dir='ltr'><strong>§lh</strong></span> <span class='ocrx_word' id='word_1_314' title='bbox 898 3210 993 3258; x_wconf 77' lang='lat' dir='ltr'><strong>astarte</strong></span> <span class='ocrx_word' id='word_1_315' title='bbox 1011 3213 1141 3274; x_wconf 77' lang='lat' dir='ltr'><strong>captiuis.</strong></span> 
     </span>
     <span class='ocr_line' id='line_1_34' title="bbox 165 3274 1256 3341; baseline 0.007 -15"><span class='ocrx_word' id='word_1_316' title='bbox 165 3291 192 3326; x_wconf 90' lang='lat' dir='ltr'><strong>er</strong></span> <span class='ocrx_word' id='word_1_317' title='bbox 209 3274 264 3324; x_wconf 90' lang='lat' dir='ltr'><strong>sich</strong></span> <span class='ocrx_word' id='word_1_318' title='bbox 284 3274 353 3325; x_wconf 90' lang='lat' dir='ltr'><strong>lrech</strong></span> <span class='ocrx_word' id='word_1_319' title='bbox 372 3276 436 3327; x_wconf 82' lang='lat' dir='ltr'><strong>tiber</strong></span> <span class='ocrx_word' id='word_1_320' title='bbox 454 3276 499 3326; x_wconf 88' lang='lat' dir='ltr'><strong>das</strong></span> <span class='ocrx_word' id='word_1_321' title='bbox 518 3275 681 3329; x_wconf 85' lang='lat' dir='ltr'><strong>Schicltliche</strong></span> <span class='ocrx_word' id='word_1_322' title='bbox 767 3274 814 3330; x_wconf 78' lang='lat'><strong>18.</strong></span> <span class='ocrx_word' id='word_1_323' title='bbox 833 3278 857 3328; x_wconf 90' lang='grc'><strong>2,</strong></span> <span class='ocrx_word' id='word_1_324' title='bbox 875 3278 955 3341; x_wconf 74' lang='lat' dir='ltr'><strong>gree]</strong></span> <span class='ocrx_word' id='word_1_325' title='bbox 973 3274 1015 3329; x_wconf 80' lang='lat' dir='ltr'><strong>die</strong></span> <span class='ocrx_word' id='word_1_326' title='bbox 1033 3276 1117 3330; x_wconf 84' lang='lat' dir='ltr'><strong>Sohar</strong></span> <span class='ocrx_word' id='word_1_327' title='bbox 1137 3281 1187 3333; x_wconf 84' lang='lat' dir='ltr'><strong>der</strong></span> <span class='ocrx_word' id='word_1_328' title='bbox 1199 3281 1256 3333; x_wconf 85' lang='lat' dir='ltr'><strong>lldl-</strong></span> 
     </span>
     <span class='ocr_line' id='line_1_35' title="bbox 165 3343 1256 3416; baseline 0.006 -24"><span class='ocrx_word' id='word_1_329' title='bbox 165 3343 276 3409; x_wconf 81' lang='lat' dir='ltr'><strong>(pudor;</strong></span> <span class='ocrx_word' id='word_1_330' title='bbox 300 3357 320 3395; x_wconf 85' lang='lat' dir='ltr'><strong>s.</strong></span> <span class='ocrx_word' id='word_1_331' title='bbox 339 3346 368 3406; x_wconf 91' lang='grc'><strong>5,</strong></span> <span class='ocrx_word' id='word_1_332' title='bbox 385 3345 469 3406; x_wconf 80' lang='grc'>46,1)</span> <span class='ocrx_word' id='word_1_333' title='bbox 495 3343 681 3409; x_wconf 86' lang='lat' dir='ltr'><strong>hinwegsetzte</strong></span> <span class='ocrx_word' id='word_1_334' title='bbox 733 3344 815 3409; x_wconf 70' lang='lat' dir='ltr'><strong>linge,</strong></span> <span class='ocrx_word' id='word_1_335' title='bbox 836 3344 886 3410; x_wconf 83' lang='lat' dir='ltr'><strong>rgl.</strong></span> <span class='ocrx_word' id='word_1_336' title='bbox 899 3345 967 3398; x_wconf 84' lang='lat' dir='ltr'><strong>Curt.</strong></span> <span class='ocrx_word' id='word_1_337' title='bbox 980 3345 1011 3410; x_wconf 88' lang='grc'><strong>3,</strong></span> <span class='ocrx_word' id='word_1_338' title='bbox 1023 3346 1049 3409; x_wconf 83' lang='grc'><strong>3,</strong></span> <span class='ocrx_word' id='word_1_339' title='bbox 1063 3347 1108 3400; x_wconf 88' lang='grc'><strong>23.</strong></span> <span class='ocrx_word' id='word_1_340' title='bbox 1124 3375 1159 3387; x_wconf 86' lang='grc'><strong>-</strong></span> <span class='ocrx_word' id='word_1_341' title='bbox 1175 3367 1256 3416; x_wconf 84' lang='lat' dir='ltr'><strong>quan·</strong></span> 
     </span>
     <span class='ocr_line' id='line_1_36' title="bbox 167 3410 1257 3481; baseline 0.006 -17"><span class='ocrx_word' id='word_1_342' title='bbox 167 3411 217 3464; x_wconf 89' lang='lat' dir='ltr'><strong>und</strong></span> <span class='ocrx_word' id='word_1_343' title='bbox 236 3411 307 3463; x_wconf 89' lang='lat' dir='ltr'><strong>seiae</strong></span> <span class='ocrx_word' id='word_1_344' title='bbox 321 3410 415 3463; x_wconf 84' lang='lat' dir='ltr'><strong>thrde</strong></span> <span class='ocrx_word' id='word_1_345' title='bbox 428 3412 560 3464; x_wconf 81' lang='lat' dir='ltr'><strong>verletate.</strong></span> <span class='ocrx_word' id='word_1_346' title='bbox 733 3418 789 3463; x_wconf 86' lang='lat' dir='ltr'><strong>tam</strong></span> <span class='ocrx_word' id='word_1_347' title='bbox 808 3448 815 3463; x_wconf 89' lang='lat'><strong>.</strong></span> <span class='ocrx_word' id='word_1_348' title='bbox 834 3413 1014 3478; x_wconf 79' lang='lat' dir='ltr'><strong>,plurimuml</strong></span> <span class='ocrx_word' id='word_1_349' title='bbox 1033 3415 1089 3479; x_wconf 84' lang='lat' dir='ltr'><strong>rgl.</strong></span> <span class='ocrx_word' id='word_1_350' title='bbox 1108 3418 1153 3481; x_wconf 79' lang='grc'><strong>25,</strong></span> <span class='ocrx_word' id='word_1_351' title='bbox 1168 3422 1198 3473; x_wconf 72' lang='grc' dir='ltr'><strong>ῖς</strong></span> <span class='ocrx_word' id='word_1_352' title='bbox 1218 3422 1257 3480; x_wconf 86' lang='grc'><strong>25,</strong></span> 
     </span>
     <span class='ocr_line' id='line_1_37' title="bbox 201 3480 1257 3550; baseline 0.007 -19"><span class='ocrx_word' id='word_1_353' title='bbox 201 3482 241 3531; x_wconf 86' lang='grc'><strong>20.</strong></span> <span class='ocrx_word' id='word_1_354' title='bbox 260 3495 293 3530; x_wconf 85' lang='lat' dir='ltr'><strong>ae</strong></span> <span class='ocrx_word' id='word_1_355' title='bbox 310 3481 378 3545; x_wconf 78' lang='lat' dir='ltr'><strong>qaid</strong></span> <span class='ocrx_word' id='word_1_356' title='bbox 393 3482 558 3546; x_wconf 78' lang='lat' dir='ltr'><strong>relinquerat</strong></span> <span class='ocrx_word' id='word_1_357' title='bbox 570 3483 681 3545; x_wconf 79' lang='lat' dir='ltr'><strong>integra]</strong></span> <span class='ocrx_word' id='word_1_358' title='bbox 732 3482 773 3539; x_wconf 88' lang='grc'><strong>23,</strong></span> <span class='ocrx_word' id='word_1_359' title='bbox 786 3482 829 3537; x_wconf 85' lang='grc'><strong>12;</strong></span> <span class='ocrx_word' id='word_1_360' title='bbox 840 3483 881 3544; x_wconf 90' lang='grc'>29,</span> <span class='ocrx_word' id='word_1_361' title='bbox 892 3483 933 3542; x_wconf 87' lang='grc'><strong>25,</strong></span> <span class='ocrx_word' id='word_1_362' title='bbox 943 3483 975 3540; x_wconf 66' lang='lat' dir='ltr'><strong>br</strong></span> <span class='ocrx_word' id='word_1_363' title='bbox 988 3480 1034 3532; x_wconf 85' lang='lat' dir='ltr'><strong>das</strong></span> <span class='ocrx_word' id='word_1_364' title='bbox 1047 3487 1257 3550; x_wconf 83' lang='lat' dir='ltr'><strong>entsprerhende</strong></span> 
     </span>
     <span class='ocr_line' id='line_1_38' title="bbox 165 3545 1257 3607; baseline 0.012 -13"><span class='ocrx_word' id='word_1_365' title='bbox 165 3572 198 3593; x_wconf 77' lang='grc' dir='ltr'><strong>ιι</strong></span> <span class='ocrx_word' id='word_1_366' title='bbox 216 3545 305 3597; x_wconf 83' lang='lat' dir='ltr'><strong>‘demit</strong></span> <span class='ocrx_word' id='word_1_367' title='bbox 324 3548 680 3600; x_wconf 87' lang='lat' dir='ltr'><strong>er..nichtdielreieEnt·</strong></span> <span class='ocrx_word' id='word_1_368' title='bbox 732 3554 837 3600; x_wconf 82' lang='lat' dir='ltr'><strong>tantum</strong></span> <span class='ocrx_word' id='word_1_369' title='bbox 866 3549 899 3600; x_wconf 86' lang='lat' dir='ltr'><strong>ist</strong></span> <span class='ocrx_word' id='word_1_370' title='bbox 927 3547 967 3598; x_wconf 82' lang='lat' dir='ltr'><strong>bei</strong></span> <span class='ocrx_word' id='word_1_371' title='bbox 995 3549 1137 3602; x_wconf 81' lang='lat' dir='ltr'><strong>addebant</strong></span> <span class='ocrx_word' id='word_1_372' title='bbox 1164 3570 1197 3606; x_wconf 82' lang='lat' dir='ltr'><strong>au</strong></span> <span class='ocrx_word' id='word_1_373' title='bbox 1221 3571 1257 3607; x_wconf 84' lang='lat' dir='ltr'><strong>et·</strong></span> 
     </span>
     <span class='ocr_line' id='line_1_39' title="bbox 166 3609 1257 3689; baseline 0.006 -22"><span class='ocrx_word' id='word_1_374' title='bbox 166 3612 308 3677; x_wconf 86' lang='lat' dir='ltr'><strong>scheidung</strong></span> <span class='ocrx_word' id='word_1_375' title='bbox 318 3609 473 3673; x_wconf 83' lang='lat' dir='ltr'><strong>llberlassc&#39;;</strong></span> <span class='ocrx_word' id='word_1_376' title='bbox 484 3616 589 3667; x_wconf 86' lang='lat' dir='ltr'><strong>hierron</strong></span> <span class='ocrx_word' id='word_1_377' title='bbox 601 3616 681 3682; x_wconf 76' lang='lat' dir='ltr'><strong>ltingt</strong></span> <span class='ocrx_word' id='word_1_378' title='bbox 731 3618 829 3683; x_wconf 80' lang='lat' dir='ltr'><strong>ginaen</strong></span> <span class='ocrx_word' id='word_1_379' title='bbox 839 3636 846 3677; x_wconf 83' lang='lat'>;</span> <span class='ocrx_word' id='word_1_380' title='bbox 858 3631 878 3667; x_wconf 85' lang='lat' dir='ltr'><strong>s.</strong></span> <span class='ocrx_word' id='word_1_381' title='bbox 890 3618 931 3679; x_wconf 90' lang='grc'>25,</span> <span class='ocrx_word' id='word_1_382' title='bbox 943 3618 985 3681; x_wconf 91' lang='grc'><strong>23,</strong></span> <span class='ocrx_word' id='word_1_383' title='bbox 998 3619 1036 3669; x_wconf 97' lang='grc'><strong>12.</strong></span> <span class='ocrx_word' id='word_1_384' title='bbox 1045 3646 1075 3655; x_wconf 90' lang='grc'><strong>-</strong></span> <span class='ocrx_word' id='word_1_385' title='bbox 1086 3617 1185 3678; x_wconf 73' lang='lat' dir='ltr'><strong>sance</strong></span> <span class='ocrx_word' id='word_1_386' title='bbox 1193 3640 1257 3689; x_wconf 78' lang='lat' dir='ltr'><strong>gen·</strong></span> 
     </span>
     <span class='ocr_line' id='line_1_40' title="bbox 166 3682 1257 3749; baseline 0.007 -15"><span class='ocrx_word' id='word_1_387' title='bbox 166 3682 325 3734; x_wconf 81' lang='lat' dir='ltr'><strong>derGeuetir</strong></span> <span class='ocrx_word' id='word_1_388' title='bbox 333 3683 489 3733; x_wconf 78' lang='lat' dir='ltr'><strong>consulendi</strong></span> <span class='ocrx_word' id='word_1_389' title='bbox 495 3684 536 3745; x_wconf 87' lang='lat' dir='ltr'><strong>ab,</strong></span> <span class='ocrx_word' id='word_1_390' title='bbox 548 3684 597 3735; x_wconf 86' lang='lat' dir='ltr'><strong>wie</strong></span> <span class='ocrx_word' id='word_1_391' title='bbox 605 3700 679 3736; x_wconf 80' lang='lat' dir='ltr'><strong>weun</strong></span> <span class='ocrx_word' id='word_1_392' title='bbox 732 3687 776 3749; x_wconf 79' lang='lat' dir='ltr'><strong>tia]</strong></span> <span class='ocrx_word' id='word_1_393' title='bbox 794 3698 815 3737; x_wconf 83' lang='lat' dir='ltr'><strong>s.</strong></span> <span class='ocrx_word' id='word_1_394' title='bbox 834 3686 879 3746; x_wconf 90' lang='grc'><strong>21,</strong></span> <span class='ocrx_word' id='word_1_395' title='bbox 898 3685 942 3745; x_wconf 83' lang='grc'><strong>28,</strong></span> <span class='ocrx_word' id='word_1_396' title='bbox 956 3687 984 3739; x_wconf 80' lang='grc' dir='ltr'><strong>2ι</strong></span> <span class='ocrx_word' id='word_1_397' title='bbox 1003 3686 1136 3749; x_wconf 84' lang='grc'>31,1,1.</span> <span class='ocrx_word' id='word_1_398' title='bbox 1157 3719 1193 3728; x_wconf 94' lang='grc'><strong>-</strong></span> <span class='ocrx_word' id='word_1_399' title='bbox 1212 3708 1257 3742; x_wconf 86' lang='lat' dir='ltr'><strong>aaa·</strong></span> 
     </span>
     <span class='ocr_line' id='line_1_41' title="bbox 166 3751 1257 3819; baseline 0.007 -17"><span class='ocrx_word' id='word_1_400' title='bbox 166 3768 198 3802; x_wconf 88' lang='lat' dir='ltr'><strong>ae</strong></span> <span class='ocrx_word' id='word_1_401' title='bbox 217 3792 223 3803; x_wconf 95' lang='lat'>.</span> <span class='ocrx_word' id='word_1_402' title='bbox 241 3788 248 3803; x_wconf 91' lang='lat'><strong><em>.</em></strong></span> <span class='ocrx_word' id='word_1_403' title='bbox 267 3751 380 3801; x_wconf 79' lang='lat' dir='ltr'><strong>liberunt</strong></span> <span class='ocrx_word' id='word_1_404' title='bbox 405 3752 549 3801; x_wconf 83' lang='lat' dir='ltr'><strong>arbitrium</strong></span> <span class='ocrx_word' id='word_1_405' title='bbox 570 3755 680 3818; x_wconf 80' lang='lat' dir='ltr'><strong>permit·</strong></span> <span class='ocrx_word' id='word_1_406' title='bbox 728 3753 829 3819; x_wconf 82' lang='lat' dir='ltr'><strong>gando}</strong></span> <span class='ocrx_word' id='word_1_407' title='bbox 854 3755 888 3804; x_wconf 83' lang='lat' dir='ltr'><strong>iet</strong></span> <span class='ocrx_word' id='word_1_408' title='bbox 912 3752 1026 3805; x_wconf 82' lang='lat' dir='ltr'><strong>medaler</strong></span> <span class='ocrx_word' id='word_1_409' title='bbox 1051 3753 1130 3817; x_wconf 62' lang='lat' dir='ltr'><strong>ant„</strong></span> <span class='ocrx_word' id='word_1_410' title='bbox 1157 3785 1191 3804; x_wconf 56' lang='grc' dir='ltr'>ε</span> <span class='ocrx_word' id='word_1_411' title='bbox 1212 3776 1257 3810; x_wconf 82' lang='lat' dir='ltr'><strong>ars-</strong></span> 
     </span>
     <span class='ocr_line' id='line_1_42' title="bbox 165 3819 1171 3887; baseline 0.008 -16"><span class='ocrx_word' id='word_1_412' title='bbox 165 3824 232 3871; x_wconf 83' lang='lat' dir='ltr'><strong>taret</strong></span> <span class='ocrx_word' id='word_1_413' title='bbox 245 3819 427 3884; x_wconf 82' lang='lat' dir='ltr'><strong>rcrherginge;</strong></span> <span class='ocrx_word' id='word_1_414' title='bbox 441 3819 542 3870; x_wconf 79' lang='lat' dir='ltr'><strong>hhnlich</strong></span> <span class='ocrx_word' id='word_1_415' title='bbox 556 3820 588 3872; x_wconf 91' lang='lat' dir='ltr'><strong>ist</strong></span> <span class='ocrx_word' id='word_1_416' title='bbox 603 3824 679 3883; x_wconf 82' lang='grc'>2,41,</span> <span class='ocrx_word' id='word_1_417' title='bbox 729 3827 837 3887; x_wconf 61' lang='lat' dir='ltr'><strong>geaten</strong></span> <span class='ocrx_word' id='word_1_418' title='bbox 856 3835 877 3874; x_wconf 82' lang='lat' dir='ltr'><strong>n.</strong></span> <span class='ocrx_word' id='word_1_419' title='bbox 892 3822 932 3885; x_wconf 78' lang='grc'><strong>28,</strong></span> <span class='ocrx_word' id='word_1_420' title='bbox 946 3823 976 3881; x_wconf 82' lang='grc'><strong>4;</strong></span> <span class='ocrx_word' id='word_1_421' title='bbox 995 3836 1027 3872; x_wconf 82' lang='grc' dir='ltr'><strong>ιιι</strong></span> <span class='ocrx_word' id='word_1_422' title='bbox 1046 3823 1070 3886; x_wconf 92' lang='grc'><strong>2,</strong></span> <span class='ocrx_word' id='word_1_423' title='bbox 1085 3826 1128 3883; x_wconf 87' lang='grc'>32.</span> <span class='ocrx_word' id='word_1_424' title='bbox 1144 3830 1171 3879; x_wconf 73' lang='lat' dir='ltr'><strong>d.</strong></span> 
     </span>
     <span class='ocr_line' id='line_1_43' title="bbox 167 3887 1257 3963; baseline 0.006 -22"><span class='ocrx_word' id='word_1_425' title='bbox 167 3892 211 3947; x_wconf 81' lang='grc'><strong>12;</strong></span> <span class='ocrx_word' id='word_1_426' title='bbox 235 3887 296 3940; x_wconf 87' lang='lat' dir='ltr'><strong>Tac.</strong></span> <span class='ocrx_word' id='word_1_427' title='bbox 319 3887 386 3940; x_wconf 81' lang='lat' dir='ltr'><strong>Ana.</strong></span> <span class='ocrx_word' id='word_1_428' title='bbox 409 3890 447 3945; x_wconf 83' lang='grc'><strong>13.</strong></span> <span class='ocrx_word' id='word_1_429' title='bbox 466 3889 511 3948; x_wconf 76' lang='grc' dir='ltr'><strong>2θς</strong></span> <span class='ocrx_word' id='word_1_430' title='bbox 537 3892 582 3951; x_wconf 92' lang='grc'><strong>15,</strong></span> <span class='ocrx_word' id='word_1_431' title='bbox 601 3894 628 3949; x_wconf 87' lang='grc'><strong>5;</strong></span> <span class='ocrx_word' id='word_1_432' title='bbox 648 3905 678 3940; x_wconf 86' lang='lat' dir='ltr'><strong>zu</strong></span> <span class='ocrx_word' id='word_1_433' title='bbox 767 3893 791 3942; x_wconf 88' lang='grc'><strong>3.</strong></span> <span class='ocrx_word' id='word_1_434' title='bbox 809 3891 924 3953; x_wconf 82' lang='lat' dir='ltr'><strong>tanturn]</strong></span> <span class='ocrx_word' id='word_1_435' title='bbox 953 3888 1033 3942; x_wconf 88' lang='lat' dir='ltr'><strong>durch</strong></span> <span class='ocrx_word' id='word_1_436' title='bbox 1060 3891 1105 3943; x_wconf 88' lang='lat' dir='ltr'><strong>die</strong></span> <span class='ocrx_word' id='word_1_437' title='bbox 1134 3893 1257 3963; x_wconf 82' lang='lat' dir='ltr'><strong>Stelluog</strong></span> 
     </span>
     <span class='ocr_line' id='line_1_44' title="bbox 165 3957 1258 4024; baseline 0.011 -18"><span class='ocrx_word' id='word_1_438' title='bbox 165 3958 232 4023; x_wconf 78' lang='lat' dir='ltr'><strong>qaid</strong></span> <span class='ocrx_word' id='word_1_439' title='bbox 249 3960 353 4022; x_wconf 79' lang='lat' dir='ltr'><strong>integri</strong></span> <span class='ocrx_word' id='word_1_440' title='bbox 365 3957 417 4022; x_wconf 82' lang='lat' dir='ltr'><strong>rgl.</strong></span> <span class='ocrx_word' id='word_1_441' title='bbox 429 3959 470 4010; x_wconf 88' lang='grc'><strong>45.</strong></span> <span class='ocrx_word' id='word_1_442' title='bbox 486 3961 523 4019; x_wconf 85' lang='grc'><strong>19,</strong></span> <span class='ocrx_word' id='word_1_443' title='bbox 541 3961 578 4009; x_wconf 81' lang='lat' dir='ltr'><strong>ll.</strong></span> <span class='ocrx_word' id='word_1_444' title='bbox 591 3987 624 3997; x_wconf 94' lang='lat'>-</span> <span class='ocrx_word' id='word_1_445' title='bbox 638 3975 679 4008; x_wconf 82' lang='lat' dir='ltr'><strong>ee·</strong></span> <span class='ocrx_word' id='word_1_446' title='bbox 732 3957 802 4009; x_wconf 82' lang='lat' dir='ltr'><strong>starlt</strong></span> <span class='ocrx_word' id='word_1_447' title='bbox 823 3958 927 4018; x_wconf 82' lang='lat' dir='ltr'><strong>betant;</strong></span> <span class='ocrx_word' id='word_1_448' title='bbox 945 3957 1038 4024; x_wconf 85' lang='lat' dir='ltr'><strong>gehbrt</strong></span> <span class='ocrx_word' id='word_1_449' title='bbox 1050 3973 1082 4010; x_wconf 81' lang='lat' dir='ltr'><strong>zu</strong></span> <span class='ocrx_word' id='word_1_450' title='bbox 1097 3964 1258 4017; x_wconf 64' lang='lat' dir='ltr'><strong>menariae</strong></span> 
     </span>
     <span class='ocr_line' id='line_1_45' title="bbox 165 4025 1257 4099; baseline 0.013 -25"><span class='ocrx_word' id='word_1_451' title='bbox 165 4025 206 4075; x_wconf 80' lang='lat' dir='ltr'><strong>lut</strong></span> <span class='ocrx_word' id='word_1_452' title='bbox 225 4029 253 4075; x_wconf 81' lang='lat' dir='ltr'><strong>ta</strong></span> <span class='ocrx_word' id='word_1_453' title='bbox 272 4028 415 4092; x_wconf 81' lang='lat' dir='ltr'><strong>captiuam]</strong></span> <span class='ocrx_word' id='word_1_454' title='bbox 434 4042 454 4076; x_wconf 81' lang='lat' dir='ltr'><strong>s.</strong></span> <span class='ocrx_word' id='word_1_455' title='bbox 475 4041 505 4077; x_wconf 87' lang='lat' dir='ltr'><strong>au</strong></span> <span class='ocrx_word' id='word_1_456' title='bbox 528 4029 604 4088; x_wconf 93' lang='grc'>11,1.</span> <span class='ocrx_word' id='word_1_457' title='bbox 730 4053 764 4063; x_wconf 98' lang='lat'><em>-</em></span> <span class='ocrx_word' id='word_1_458' title='bbox 783 4027 888 4077; x_wconf 81' lang='lat' dir='ltr'><strong>duabus</strong></span> <span class='ocrx_word' id='word_1_459' title='bbox 905 4029 1153 4094; x_wconf 75' lang='lat' dir='ltr'><strong>quinqueremibus]</strong></span> <span class='ocrx_word' id='word_1_460' title='bbox 1174 4048 1196 4085; x_wconf 93' lang='lat' dir='ltr'><strong>s.</strong></span> <span class='ocrx_word' id='word_1_461' title='bbox 1217 4036 1257 4099; x_wconf 72' lang='grc'><strong>23,</strong></span> 
     </span>
     <span class='ocr_line' id='line_1_46' title="bbox 199 4092 826 4157; baseline 0.005 -14"><span class='ocrx_word' id='word_1_462' title='bbox 199 4095 239 4146; x_wconf 93' lang='grc'><strong>22.</strong></span> <span class='ocrx_word' id='word_1_463' title='bbox 258 4098 348 4145; x_wconf 77' lang='lat' dir='ltr'><strong>utrius</strong></span> <span class='ocrx_word' id='word_1_464' title='bbox 367 4132 373 4145; x_wconf 89' lang='lat'>.</span> <span class='ocrx_word' id='word_1_465' title='bbox 394 4097 410 4156; x_wconf 92' lang='lat'><strong>.]</strong></span> <span class='ocrx_word' id='word_1_466' title='bbox 429 4092 547 4157; x_wconf 78' lang='lat' dir='ltr'><strong>Hiulnng</strong></span> <span class='ocrx_word' id='word_1_467' title='bbox 566 4110 615 4145; x_wconf 80' lang='lat' dir='ltr'><strong>ron</strong></span> <span class='ocrx_word' id='word_1_468' title='bbox 629 4092 676 4145; x_wconf 86' lang='lat' dir='ltr'><strong>Ge·</strong></span> <span class='ocrx_word' id='word_1_469' title='bbox 734 4097 773 4151; x_wconf 80' lang='lat' dir='ltr'><strong>li.</strong></span> <span class='ocrx_word' id='word_1_470' title='bbox 790 4096 826 4147; x_wconf 89' lang='grc'><strong>12.</strong></span> 
     </span>
     <span class='ocr_line' id='line_1_47' title="bbox 165 4160 1259 4235; baseline 0.006 -24"><span class='ocrx_word' id='word_1_471' title='bbox 165 4161 277 4225; x_wconf 76' lang='lat' dir='ltr'><strong>aetiten,</strong></span> <span class='ocrx_word' id='word_1_472' title='bbox 297 4163 346 4214; x_wconf 87' lang='lat' dir='ltr'><strong>wie</strong></span> <span class='ocrx_word' id='word_1_473' title='bbox 365 4160 491 4220; x_wconf 83' lang='lat' dir='ltr'><strong>Proel.3;</strong></span> <span class='ocrx_word' id='word_1_474' title='bbox 518 4178 567 4213; x_wconf 81' lang='lat' dir='ltr'><strong>ron</strong></span> <span class='ocrx_word' id='word_1_475' title='bbox 588 4165 679 4212; x_wconf 64' lang='lat' dir='ltr'><strong>astrios</strong></span> <span class='ocrx_word' id='word_1_476' title='bbox 766 4167 789 4214; x_wconf 91' lang='grc'><strong>5.</strong></span> <span class='ocrx_word' id='word_1_477' title='bbox 813 4179 867 4214; x_wconf 86' lang='lat' dir='ltr'><strong>uno</strong></span> <span class='ocrx_word' id='word_1_478' title='bbox 895 4165 1020 4229; x_wconf 82' lang='lat' dir='ltr'><strong>ternpore]</strong></span> <span class='ocrx_word' id='word_1_479' title='bbox 1048 4177 1069 4215; x_wconf 82' lang='lat' dir='ltr'><strong>a.</strong></span> <span class='ocrx_word' id='word_1_480' title='bbox 1101 4167 1144 4227; x_wconf 77' lang='lat'><strong>28,</strong></span> <span class='ocrx_word' id='word_1_481' title='bbox 1170 4172 1214 4235; x_wconf 74' lang='grc'><strong>18,</strong></span> <span class='ocrx_word' id='word_1_482' title='bbox 1239 4174 1259 4223; x_wconf 92' lang='grc'><strong>1.</strong></span> 
     </span>
    </p>
   </div>
   <div class='ocr_carea' id='block_1_5' title="bbox 0 0 1315 4740">
    <p class='ocr_par' dir='ltr' id='par_1_25' title="bbox 0 0 1315 4740">
     <span class='ocr_line' id='line_1_48' title="bbox 0 0 1315 4740; baseline 0 0"><span class='ocrx_word' id='word_1_483' title='bbox 0 0 1315 4740; x_wconf 95' lang='lat' dir='ltr'><strong> </strong></span> 
     </span>
    </p>
   </div>
  </div>
 </body>
</html>
