<?xml version="1.0" encoding="UTF-8"?>
<!DOCTYPE html PUBLIC "-//W3C//DTD XHTML 1.0 Transitional//EN"
    "http://www.w3.org/TR/xhtml1/DTD/xhtml1-transitional.dtd">
<html xmlns="http://www.w3.org/1999/xhtml" xml:lang="en" lang="en">
 <head>
  <title>
</title>
<meta http-equiv="Content-Type" content="text/html;charset=utf-8" />
  <meta name='ocr-system' content='tesseract 3.04.00' />
  <meta name='ocr-capabilities' content='ocr_page ocr_carea ocr_par ocr_line ocrx_word'/>
</head>
<body>
  <div class='ocr_page' id='page_1' title='image "./tliviaburbecond02livygoog_0803.png"; bbox 0 0 2618 4740; ppageno 0'>
   <div class='ocr_carea' id='block_1_1' title="bbox 127 438 1230 507">
    <p class='ocr_par' dir='ltr' id='par_1_1' title="bbox 127 438 1230 507">
     <span class='ocr_line' id='line_1_1' title="bbox 127 438 1230 507; baseline -0.002 -11"><span class='ocrx_word' id='word_1_1' title='bbox 127 447 168 507; x_wconf 79' lang='lat'><strong>52</strong></span> <span class='ocrx_word' id='word_1_2' title='bbox 494 440 588 495; x_wconf 76' lang='lat' dir='ltr'><strong>utana</strong></span> <span class='ocrx_word' id='word_1_3' title='bbox 606 438 695 494; x_wconf 77' lang='lat' dir='ltr'><strong>XXIX.</strong></span> <span class='ocrx_word' id='word_1_4' title='bbox 713 438 786 495; x_wconf 76' lang='lat' dir='ltr'><strong>GAP.</strong></span> <span class='ocrx_word' id='word_1_5' title='bbox 799 442 843 497; x_wconf 74' lang='lat'><strong>24.</strong></span> <span class='ocrx_word' id='word_1_6' title='bbox 1078 468 1102 502; x_wconf 69' lang='grc' dir='ltr'><strong>ι,</strong></span> <span class='ocrx_word' id='word_1_7' title='bbox 1116 468 1142 501; x_wconf 75' lang='grc' dir='ltr'><strong>ι.</strong></span> <span class='ocrx_word' id='word_1_8' title='bbox 1153 466 1174 501; x_wconf 63' lang='grc' dir='ltr'>ι</span> <span class='ocrx_word' id='word_1_9' title='bbox 1186 456 1230 501; x_wconf 66' lang='lat' dir='ltr'><strong>m</strong></span> 
     </span>
    </p>
   </div>
   <div class='ocr_carea' id='block_1_2' title="bbox 90 612 1227 1122">
    <p class='ocr_par' dir='ltr' id='par_1_2' title="bbox 90 612 1227 1122">
     <span class='ocr_line' id='line_1_2' title="bbox 126 612 1227 695; baseline -0.007 -12"><span class='ocrx_word' id='word_1_10' title='bbox 126 638 227 683; x_wconf 86' lang='lat' dir='ltr'><strong>rarum</strong></span> <span class='ocrx_word' id='word_1_11' title='bbox 249 619 280 681; x_wconf 94' lang='lat' dir='ltr'><strong>in</strong></span> <span class='ocrx_word' id='word_1_12' title='bbox 297 617 394 679; x_wconf 79' lang='lat' dir='ltr'><strong>Africa</strong></span> <span class='ocrx_word' id='word_1_13' title='bbox 416 614 615 695; x_wconf 82' lang='lat' dir='ltr'><strong>gerendarum</strong></span> <span class='ocrx_word' id='word_1_14' title='bbox 637 628 804 692; x_wconf 79' lang='lat' dir='ltr'><strong>magnaque</strong></span> <span class='ocrx_word' id='word_1_15' title='bbox 824 630 880 693; x_wconf 90' lang='lat' dir='ltr'><strong>spa</strong></span> <span class='ocrx_word' id='word_1_16' title='bbox 900 612 1076 675; x_wconf 85' lang='lat' dir='ltr'><strong>destitutus</strong></span> <span class='ocrx_word' id='word_1_17' title='bbox 1090 624 1167 689; x_wconf 88' lang='lat' dir='ltr'><strong>erat,</strong></span> <span class='ocrx_word' id='word_1_18' title='bbox 1188 614 1227 675; x_wconf 84' lang='lat' dir='ltr'><strong>le·</strong></span> 
     </span>
     <span class='ocr_line' id='line_1_3' title="bbox 128 698 1226 786; baseline -0.006 -20"><span class='ocrx_word' id='word_1_19' title='bbox 128 704 202 786; x_wconf 78' lang='lat' dir='ltr'><strong>gatis</strong></span> <span class='ocrx_word' id='word_1_20' title='bbox 218 720 356 784; x_wconf 78' lang='lat' dir='ltr'><strong>propere,</strong></span> <span class='ocrx_word' id='word_1_21' title='bbox 372 702 547 780; x_wconf 84' lang='lat' dir='ltr'>priusquam</span> <span class='ocrx_word' id='word_1_22' title='bbox 562 717 612 761; x_wconf 87' lang='lat' dir='ltr'><strong>res</strong></span> <span class='ocrx_word' id='word_1_23' title='bbox 626 698 806 777; x_wconf 78' lang='lat' dir='ltr'>vulgaretur,</span> <span class='ocrx_word' id='word_1_24' title='bbox 821 698 961 761; x_wconf 72' lang='lat' dir='ltr'>remissis</span> <span class='ocrx_word' id='word_1_25' title='bbox 976 698 1012 761; x_wconf 92' lang='lat' dir='ltr'><strong>in</strong></span> <span class='ocrx_word' id='word_1_26' title='bbox 1030 699 1166 761; x_wconf 76' lang='lat' dir='ltr'><strong>Africam</strong></span> <span class='ocrx_word' id='word_1_27' title='bbox 1180 698 1226 760; x_wconf 86' lang='lat' dir='ltr'><strong>lit·</strong></span> 
     </span>
     <span class='ocr_line' id='line_1_4' title="bbox 90 782 1225 864; baseline -0.006 -11"><span class='ocrx_word' id='word_1_28' title='bbox 90 804 106 853; x_wconf 82' lang='lat' dir='ltr'><strong>a</strong></span> <span class='ocrx_word' id='word_1_29' title='bbox 129 802 207 852; x_wconf 89' lang='lat' dir='ltr'><strong>teras</strong></span> <span class='ocrx_word' id='word_1_30' title='bbox 222 788 272 849; x_wconf 89' lang='lat' dir='ltr'><strong>dat</strong></span> <span class='ocrx_word' id='word_1_31' title='bbox 286 787 321 848; x_wconf 91' lang='lat' dir='ltr'><strong>ad</strong></span> <span class='ocrx_word' id='word_1_32' title='bbox 338 803 448 864; x_wconf 80' lang='lat' dir='ltr'><strong>regem,</strong></span> <span class='ocrx_word' id='word_1_33' title='bbox 466 784 575 864; x_wconf 91' lang='lat' dir='ltr'><strong>quihus</strong></span> <span class='ocrx_word' id='word_1_34' title='bbox 586 784 673 847; x_wconf 88' lang='lat' dir='ltr'><strong>etiam</strong></span> <span class='ocrx_word' id='word_1_35' title='bbox 685 792 774 861; x_wconf 91' lang='lat' dir='ltr'><strong>atque</strong></span> <span class='ocrx_word' id='word_1_36' title='bbox 786 782 876 845; x_wconf 85' lang='lat' dir='ltr'><strong>ctiam</strong></span> <span class='ocrx_word' id='word_1_37' title='bbox 887 792 999 847; x_wconf 90' lang='lat' dir='ltr'><strong>monet</strong></span> <span class='ocrx_word' id='word_1_38' title='bbox 1011 802 1097 857; x_wconf 88' lang='lat' dir='ltr'><strong>eum,</strong></span> <span class='ocrx_word' id='word_1_39' title='bbox 1114 802 1155 846; x_wconf 90' lang='lat' dir='ltr'><strong>ne</strong></span> <span class='ocrx_word' id='word_1_40' title='bbox 1166 784 1225 846; x_wconf 86' lang='lat' dir='ltr'><strong>iura</strong></span> 
     </span>
     <span class='ocr_line' id='line_1_5' title="bbox 128 867 1223 954; baseline -0.005 -18"><span class='ocrx_word' id='word_1_41' title='bbox 128 873 248 954; x_wconf 91' lang='lat' dir='ltr'><strong>hospitii</strong></span> <span class='ocrx_word' id='word_1_42' title='bbox 270 890 372 934; x_wconf 86' lang='lat' dir='ltr'><strong>aecum</strong></span> <span class='ocrx_word' id='word_1_43' title='bbox 396 889 455 933; x_wconf 89' lang='lat' dir='ltr'><strong>neu</strong></span> <span class='ocrx_word' id='word_1_44' title='bbox 478 888 547 931; x_wconf 92' lang='lat' dir='ltr'><strong>cum</strong></span> <span class='ocrx_word' id='word_1_45' title='bbox 569 868 681 951; x_wconf 88' lang='lat' dir='ltr'><strong>populo</strong></span> <span class='ocrx_word' id='word_1_46' title='bbox 703 867 839 930; x_wconf 83' lang='lat' dir='ltr'><strong>Romano</strong></span> <span class='ocrx_word' id='word_1_47' title='bbox 869 868 965 931; x_wconf 88' lang='lat' dir='ltr'><strong>initae</strong></span> <span class='ocrx_word' id='word_1_48' title='bbox 988 869 1149 933; x_wconf 68' lang='lat' dir='ltr'><strong>sodeuris</strong></span> <span class='ocrx_word' id='word_1_49' title='bbox 1170 887 1223 931; x_wconf 89' lang='lat' dir='ltr'><strong>neu</strong></span> 
     </span>
     <span class='ocr_line' id='line_1_6' title="bbox 129 952 1224 1033; baseline -0.005 -12"><span class='ocrx_word' id='word_1_50' title='bbox 129 960 183 1032; x_wconf 82' lang='lat' dir='ltr'><strong>ias,</strong></span> <span class='ocrx_word' id='word_1_51' title='bbox 204 958 302 1029; x_wconf 85' lang='lat' dir='ltr'><strong>tidem,</strong></span> <span class='ocrx_word' id='word_1_52' title='bbox 323 956 470 1028; x_wconf 83' lang='lat' dir='ltr'><strong>dexteras,</strong></span> <span class='ocrx_word' id='word_1_53' title='bbox 486 954 558 1017; x_wconf 88' lang='lat' dir='ltr'><strong>deos</strong></span> <span class='ocrx_word' id='word_1_54' title='bbox 581 954 664 1016; x_wconf 90' lang='lat' dir='ltr'><strong>testis</strong></span> <span class='ocrx_word' id='word_1_55' title='bbox 678 961 768 1033; x_wconf 86' lang='lat' dir='ltr'><strong>atque</strong></span> <span class='ocrx_word' id='word_1_56' title='bbox 782 952 912 1016; x_wconf 76' lang='lat' dir='ltr'><strong>arbitros</strong></span> <span class='ocrx_word' id='word_1_57' title='bbox 928 964 1161 1017; x_wconf 77' lang='lat' dir='ltr'><strong>concentorum</strong></span> <span class='ocrx_word' id='word_1_58' title='bbox 1175 954 1224 1017; x_wconf 83' lang='lat' dir='ltr'><strong>iai-</strong></span> 
     </span>
     <span class='ocr_line' id='line_1_7' title="bbox 92 1037 1224 1122; baseline -0.004 -16"><span class='ocrx_word' id='word_1_59' title='bbox 92 1056 107 1106; x_wconf 82' lang='lat' dir='ltr'><strong>t</strong></span> <span class='ocrx_word' id='word_1_60' title='bbox 128 1044 177 1106; x_wconf 88' lang='lat' dir='ltr'><strong>lat</strong></span> <span class='ocrx_word' id='word_1_61' title='bbox 208 1052 341 1104; x_wconf 90' lang='lat' dir='ltr'><strong>ceterum</strong></span> <span class='ocrx_word' id='word_1_62' title='bbox 357 1040 477 1121; x_wconf 91' lang='lat' dir='ltr'><strong>quando</strong></span> <span class='ocrx_word' id='word_1_63' title='bbox 501 1058 600 1119; x_wconf 88' lang='lat' dir='ltr'><strong>neque</strong></span> <span class='ocrx_word' id='word_1_64' title='bbox 620 1039 711 1101; x_wconf 86' lang='lat' dir='ltr'><strong>celari</strong></span> <span class='ocrx_word' id='word_1_65' title='bbox 730 1037 874 1101; x_wconf 82' lang='lat' dir='ltr'><strong>adrentus</strong></span> <span class='ocrx_word' id='word_1_66' title='bbox 888 1038 1096 1103; x_wconf 75' lang='lat' dir='ltr'><strong>Numidarum</strong></span> <span class='ocrx_word' id='word_1_67' title='bbox 1112 1048 1224 1122; x_wconf 86' lang='lat' dir='ltr'><strong>poterat</strong></span> 
     </span>
    </p>
   </div>
   <div class='ocr_carea' id='block_1_3' title="bbox 93 1124 1222 2482">
    <p class='ocr_par' dir='ltr' id='par_1_3' title="bbox 93 1124 1222 2482">
     <span class='ocr_line' id='line_1_8' title="bbox 128 1124 1222 1208; baseline 0.001 -21"><span class='ocrx_word' id='word_1_68' title='bbox 128 1127 280 1208; x_wconf 78' lang='lat' dir='ltr'><strong>-vagati</strong></span> <span class='ocrx_word' id='word_1_69' title='bbox 303 1127 384 1189; x_wconf 92' lang='lat' dir='ltr'><strong>enim</strong></span> <span class='ocrx_word' id='word_1_70' title='bbox 407 1126 438 1187; x_wconf 95' lang='lat' dir='ltr'><strong>in</strong></span> <span class='ocrx_word' id='word_1_71' title='bbox 461 1124 537 1187; x_wconf 86' lang='lat' dir='ltr'><strong>urhe</strong></span> <span class='ocrx_word' id='word_1_72' title='bbox 560 1124 767 1203; x_wconf 82' lang='lat' dir='ltr'><strong>obversatique</strong></span> <span class='ocrx_word' id='word_1_73' title='bbox 793 1124 946 1204; x_wconf 88' lang='lat' dir='ltr'><strong>praetorio</strong></span> <span class='ocrx_word' id='word_1_74' title='bbox 965 1133 1120 1188; x_wconf 90' lang='lat' dir='ltr'><strong>erant-</strong></span> <span class='ocrx_word' id='word_1_75' title='bbox 1141 1136 1181 1200; x_wconf 82' lang='lat' dir='ltr'><strong>et,</strong></span> <span class='ocrx_word' id='word_1_76' title='bbox 1199 1125 1222 1187; x_wconf 86' lang='lat' dir='ltr'><strong>si</strong></span> 
     </span>
     <span class='ocr_line' id='line_1_9' title="bbox 128 1208 1222 1292; baseline -0.001 -18"><span class='ocrx_word' id='word_1_77' title='bbox 128 1213 276 1285; x_wconf 86' lang='lat' dir='ltr'><strong>sileretur,</strong></span> <span class='ocrx_word' id='word_1_78' title='bbox 288 1211 359 1291; x_wconf 95' lang='lat' dir='ltr'><strong>quid</strong></span> <span class='ocrx_word' id='word_1_79' title='bbox 372 1220 509 1291; x_wconf 86' lang='lat' dir='ltr'><strong>petentes</strong></span> <span class='ocrx_word' id='word_1_80' title='bbox 521 1211 680 1282; x_wconf 85' lang='lat' dir='ltr'><strong>venissent,</strong></span> <span class='ocrx_word' id='word_1_81' title='bbox 692 1208 859 1290; x_wconf 89' lang='lat' dir='ltr'><strong>periculum</strong></span> <span class='ocrx_word' id='word_1_82' title='bbox 871 1217 945 1284; x_wconf 88' lang='lat' dir='ltr'><strong>erat,</strong></span> <span class='ocrx_word' id='word_1_83' title='bbox 959 1227 1001 1271; x_wconf 94' lang='lat' dir='ltr'><strong>ne</strong></span> <span class='ocrx_word' id='word_1_84' title='bbox 1011 1228 1086 1273; x_wconf 82' lang='lat' dir='ltr'><strong>vera</strong></span> <span class='ocrx_word' id='word_1_85' title='bbox 1102 1230 1140 1275; x_wconf 84' lang='lat' dir='ltr'><strong>co</strong></span> <span class='ocrx_word' id='word_1_86' title='bbox 1151 1210 1222 1292; x_wconf 87' lang='lat' dir='ltr'><strong>ipso,</strong></span> 
     </span>
     <span class='ocr_line' id='line_1_10' title="bbox 130 1294 1222 1378; baseline -0.003 -18"><span class='ocrx_word' id='word_1_87' title='bbox 130 1297 210 1378; x_wconf 93' lang='lat' dir='ltr'><strong>quod</strong></span> <span class='ocrx_word' id='word_1_88' title='bbox 226 1297 405 1371; x_wconf 79' lang='lat' dir='ltr'><strong>celarentur,</strong></span> <span class='ocrx_word' id='word_1_89' title='bbox 420 1314 474 1358; x_wconf 89' lang='lat' dir='ltr'><strong>aua</strong></span> <span class='ocrx_word' id='word_1_90' title='bbox 488 1305 596 1376; x_wconf 86' lang='lat' dir='ltr'><strong>sponte</strong></span> <span class='ocrx_word' id='word_1_91' title='bbox 616 1295 711 1374; x_wconf 81' lang='lat' dir='ltr'><strong>magis</strong></span> <span class='ocrx_word' id='word_1_92' title='bbox 726 1303 901 1356; x_wconf 89' lang='lat' dir='ltr'><strong>emanarent</strong></span> <span class='ocrx_word' id='word_1_93' title='bbox 914 1294 1075 1376; x_wconf 89' lang='lat' dir='ltr'><strong>timorque</strong></span> <span class='ocrx_word' id='word_1_94' title='bbox 1090 1296 1124 1358; x_wconf 93' lang='lat' dir='ltr'><strong>in</strong></span> <span class='ocrx_word' id='word_1_95' title='bbox 1142 1314 1222 1359; x_wconf 83' lang='lat' dir='ltr'><strong>eaer-</strong></span> 
     </span>
     <span class='ocr_line' id='line_1_11' title="bbox 131 1379 1220 1459; baseline -0.001 -15"><span class='ocrx_word' id='word_1_96' title='bbox 131 1383 222 1445; x_wconf 91' lang='lat' dir='ltr'><strong>citum</strong></span> <span class='ocrx_word' id='word_1_97' title='bbox 244 1381 399 1455; x_wconf 90' lang='lat' dir='ltr'><strong>incideret,</strong></span> <span class='ocrx_word' id='word_1_98' title='bbox 422 1400 461 1443; x_wconf 90' lang='lat' dir='ltr'><strong>ne</strong></span> <span class='ocrx_word' id='word_1_99' title='bbox 482 1380 570 1443; x_wconf 89' lang='lat' dir='ltr'><strong>simul</strong></span> <span class='ocrx_word' id='word_1_100' title='bbox 592 1398 660 1442; x_wconf 92' lang='lat' dir='ltr'><strong>cum</strong></span> <span class='ocrx_word' id='word_1_101' title='bbox 684 1398 754 1459; x_wconf 81' lang='lat' dir='ltr'><strong>rege</strong></span> <span class='ocrx_word' id='word_1_102' title='bbox 777 1389 807 1441; x_wconf 90' lang='lat' dir='ltr'><strong>et</strong></span> <span class='ocrx_word' id='word_1_103' title='bbox 820 1379 1128 1458; x_wconf 75' lang='lat' dir='ltr'><strong>Carthaginiensibus</strong></span> <span class='ocrx_word' id='word_1_104' title='bbox 1149 1382 1220 1443; x_wconf 80' lang='lat' dir='ltr'><strong>toro</strong></span> 
     </span>
     <span class='ocr_line' id='line_1_12' title="bbox 131 1464 1218 1545; baseline -0.002 -16"><span class='ocrx_word' id='word_1_105' title='bbox 131 1467 313 1541; x_wconf 86' lang='lat' dir='ltr'><strong>bellandum,</strong></span> <span class='ocrx_word' id='word_1_106' title='bbox 329 1467 464 1528; x_wconf 82' lang='lat' dir='ltr'><strong>avertite</strong></span> <span class='ocrx_word' id='word_1_107' title='bbox 481 1484 550 1527; x_wconf 83' lang='lat' dir='ltr'><strong>vero</strong></span> <span class='ocrx_word' id='word_1_108' title='bbox 566 1464 646 1527; x_wconf 81' lang='lat' dir='ltr'><strong>iaisis</strong></span> <span class='ocrx_word' id='word_1_109' title='bbox 661 1465 911 1545; x_wconf 88' lang='lat' dir='ltr'><strong>praeoccupando</strong></span> <span class='ocrx_word' id='word_1_110' title='bbox 926 1474 1051 1529; x_wconf 84' lang='lat' dir='ltr'><strong>mentes</strong></span> <span class='ocrx_word' id='word_1_111' title='bbox 1065 1465 1218 1529; x_wconf 89' lang='lat' dir='ltr'><strong>homiuum</strong></span> 
     </span>
     <span class='ocr_line' id='line_1_13' title="bbox 94 1549 1218 1615; baseline -0.002 0"><span class='ocrx_word' id='word_1_112' title='bbox 94 1563 162 1615; x_wconf 76' lang='lat' dir='ltr'><strong>oet</strong></span> <span class='ocrx_word' id='word_1_113' title='bbox 182 1553 293 1614; x_wconf 81' lang='lat' dir='ltr'><strong>vocatis</strong></span> <span class='ocrx_word' id='word_1_114' title='bbox 315 1554 351 1614; x_wconf 90' lang='lat' dir='ltr'><strong>ad</strong></span> <span class='ocrx_word' id='word_1_115' title='bbox 373 1552 546 1614; x_wconf 87' lang='lat' dir='ltr'><strong>contionem</strong></span> <span class='ocrx_word' id='word_1_116' title='bbox 568 1549 712 1612; x_wconf 83' lang='lat' dir='ltr'><strong>militibus</strong></span> <span class='ocrx_word' id='word_1_117' title='bbox 735 1569 796 1612; x_wconf 93' lang='lat' dir='ltr'><strong>non</strong></span> <span class='ocrx_word' id='word_1_118' title='bbox 820 1550 896 1612; x_wconf 87' lang='lat' dir='ltr'><strong>uitra</strong></span> <span class='ocrx_word' id='word_1_119' title='bbox 923 1568 991 1613; x_wconf 84' lang='lat' dir='ltr'><strong>ease</strong></span> <span class='ocrx_word' id='word_1_120' title='bbox 1014 1552 1218 1614; x_wconf 88' lang='lat' dir='ltr'><strong>cunctandum</strong></span> 
     </span>
     <span class='ocr_line' id='line_1_14' title="bbox 132 1635 1218 1715; baseline -0.001 -16"><span class='ocrx_word' id='word_1_121' title='bbox 132 1638 187 1700; x_wconf 85' lang='lat' dir='ltr'><strong>ait:</strong></span> <span class='ocrx_word' id='word_1_122' title='bbox 210 1639 332 1711; x_wconf 90' lang='lat' dir='ltr'><strong>instare,</strong></span> <span class='ocrx_word' id='word_1_123' title='bbox 354 1647 389 1699; x_wconf 95' lang='lat' dir='ltr'><strong>ut</strong></span> <span class='ocrx_word' id='word_1_124' title='bbox 410 1637 440 1698; x_wconf 97' lang='lat' dir='ltr'><strong>in</strong></span> <span class='ocrx_word' id='word_1_125' title='bbox 457 1636 586 1697; x_wconf 78' lang='lat' dir='ltr'><strong>Africam</strong></span> <span class='ocrx_word' id='word_1_126' title='bbox 602 1654 692 1715; x_wconf 90' lang='lat' dir='ltr'><strong>quam</strong></span> <span class='ocrx_word' id='word_1_127' title='bbox 712 1635 841 1715; x_wconf 90' lang='lat' dir='ltr'><strong>primum</strong></span> <span class='ocrx_word' id='word_1_128' title='bbox 856 1635 983 1709; x_wconf 89' lang='lat' dir='ltr'><strong>traiciat,</strong></span> <span class='ocrx_word' id='word_1_129' title='bbox 1006 1637 1113 1698; x_wconf 78' lang='lat' dir='ltr'><strong>socios</strong></span> <span class='ocrx_word' id='word_1_130' title='bbox 1127 1654 1218 1715; x_wconf 69' lang='lat' dir='ltr'><strong>reges,</strong></span> 
     </span>
     <span class='ocr_line' id='line_1_15' title="bbox 131 1719 1217 1803; baseline -0.002 -18"><span class='ocrx_word' id='word_1_131' title='bbox 131 1723 313 1786; x_wconf 79' lang='lat' dir='ltr'><strong>Masinissam</strong></span> <span class='ocrx_word' id='word_1_132' title='bbox 337 1722 421 1803; x_wconf 90' lang='lat' dir='ltr'><strong>prius</strong></span> <span class='ocrx_word' id='word_1_133' title='bbox 442 1722 540 1803; x_wconf 91' lang='lat' dir='ltr'><strong>ipsum</strong></span> <span class='ocrx_word' id='word_1_134' title='bbox 562 1722 597 1782; x_wconf 96' lang='lat' dir='ltr'><strong>ad</strong></span> <span class='ocrx_word' id='word_1_135' title='bbox 621 1721 753 1783; x_wconf 81' lang='lat' dir='ltr'><strong>Laelium</strong></span> <span class='ocrx_word' id='word_1_136' title='bbox 779 1719 895 1783; x_wconf 67' lang='lat' dir='ltr'><strong>vennae</strong></span> <span class='ocrx_word' id='word_1_137' title='bbox 916 1732 1113 1800; x_wconf 81' lang='lat' dir='ltr'><strong>querentem,</strong></span> <span class='ocrx_word' id='word_1_138' title='bbox 1143 1720 1217 1802; x_wconf 89' lang='lat' dir='ltr'><strong>quod</strong></span> 
     </span>
     <span class='ocr_line' id='line_1_16' title="bbox 93 1805 1218 1888; baseline 0 -19"><span class='ocrx_word' id='word_1_139' title='bbox 93 1820 110 1869; x_wconf 82' lang='grc'><strong>6</strong></span> <span class='ocrx_word' id='word_1_140' title='bbox 131 1809 301 1870; x_wconf 88' lang='lat' dir='ltr'><strong>cunctando</strong></span> <span class='ocrx_word' id='word_1_141' title='bbox 324 1817 443 1888; x_wconf 91' lang='lat' dir='ltr'><strong>tempus</strong></span> <span class='ocrx_word' id='word_1_142' title='bbox 463 1816 626 1881; x_wconf 89' lang='lat' dir='ltr'><strong>tereretur,</strong></span> <span class='ocrx_word' id='word_1_143' title='bbox 657 1824 740 1867; x_wconf 95' lang='lat' dir='ltr'><strong>nunc</strong></span> <span class='ocrx_word' id='word_1_144' title='bbox 762 1805 928 1887; x_wconf 74' lang='lat' dir='ltr'><strong>Syphacem</strong></span> <span class='ocrx_word' id='word_1_145' title='bbox 956 1805 1082 1869; x_wconf 87' lang='lat' dir='ltr'><strong>mittere</strong></span> <span class='ocrx_word' id='word_1_146' title='bbox 1108 1808 1218 1887; x_wconf 70' lang='lat' dir='ltr'><strong>legatus</strong></span> 
     </span>
     <span class='ocr_line' id='line_1_17' title="bbox 132 1890 1217 1974; baseline 0 -21"><span class='ocrx_word' id='word_1_147' title='bbox 132 1892 208 1953; x_wconf 92' lang='lat' dir='ltr'><strong>idem</strong></span> <span class='ocrx_word' id='word_1_148' title='bbox 227 1892 432 1963; x_wconf 90' lang='lat' dir='ltr'><strong>admirantem,</strong></span> <span class='ocrx_word' id='word_1_149' title='bbox 452 1910 528 1971; x_wconf 91' lang='lat' dir='ltr'><strong>quae</strong></span> <span class='ocrx_word' id='word_1_150' title='bbox 546 1900 604 1953; x_wconf 90' lang='lat' dir='ltr'><strong>tam</strong></span> <span class='ocrx_word' id='word_1_151' title='bbox 618 1890 776 1952; x_wconf 85' lang='lat' dir='ltr'><strong>diuturnae</strong></span> <span class='ocrx_word' id='word_1_152' title='bbox 787 1909 888 1952; x_wconf 90' lang='lat' dir='ltr'><strong>morae</strong></span> <span class='ocrx_word' id='word_1_153' title='bbox 899 1890 1052 1967; x_wconf 86' lang='lat' dir='ltr'><strong>aitcausa,</strong></span> <span class='ocrx_word' id='word_1_154' title='bbox 1066 1894 1217 1974; x_wconf 82' lang='lat' dir='ltr'><strong>postulan-</strong></span> 
     </span>
     <span class='ocr_line' id='line_1_18' title="bbox 132 1976 1216 2055; baseline 0.002 -18"><span class='ocrx_word' id='word_1_155' title='bbox 132 1987 262 2055; x_wconf 84' lang='lat' dir='ltr'><strong>temque,</strong></span> <span class='ocrx_word' id='word_1_156' title='bbox 286 1986 318 2038; x_wconf 91' lang='lat' dir='ltr'><strong>ut</strong></span> <span class='ocrx_word' id='word_1_157' title='bbox 340 1987 391 2037; x_wconf 90' lang='lat' dir='ltr'><strong>aut</strong></span> <span class='ocrx_word' id='word_1_158' title='bbox 411 1977 565 2038; x_wconf 83' lang='lat' dir='ltr'><strong>traiciatur</strong></span> <span class='ocrx_word' id='word_1_159' title='bbox 586 1976 706 2038; x_wconf 88' lang='lat' dir='ltr'><strong>tandem</strong></span> <span class='ocrx_word' id='word_1_160' title='bbox 729 1976 758 2037; x_wconf 93' lang='lat' dir='ltr'><strong>in</strong></span> <span class='ocrx_word' id='word_1_161' title='bbox 783 1976 912 2038; x_wconf 79' lang='lat' dir='ltr'><strong>Africam</strong></span> <span class='ocrx_word' id='word_1_162' title='bbox 934 1977 1092 2041; x_wconf 83' lang='lat' dir='ltr'><strong>exercitus</strong></span> <span class='ocrx_word' id='word_1_163' title='bbox 1113 1977 1216 2051; x_wconf 76' lang='lat' dir='ltr'><strong>autsi</strong></span> 
     </span>
     <span class='ocr_line' id='line_1_19' title="bbox 131 2060 1216 2145; baseline 0.002 -24"><span class='ocrx_word' id='word_1_164' title='bbox 131 2069 242 2121; x_wconf 90' lang='lat' dir='ltr'><strong>mutata</strong></span> <span class='ocrx_word' id='word_1_165' title='bbox 254 2060 377 2123; x_wconf 84' lang='lat' dir='ltr'><strong>consilia</strong></span> <span class='ocrx_word' id='word_1_166' title='bbox 388 2061 459 2134; x_wconf 89' lang='lat' dir='ltr'><strong>sint,</strong></span> <span class='ocrx_word' id='word_1_167' title='bbox 470 2063 582 2123; x_wconf 86' lang='lat' dir='ltr'><strong>certior</strong></span> <span class='ocrx_word' id='word_1_168' title='bbox 593 2064 652 2135; x_wconf 87' lang='lat' dir='ltr'><strong>dat,</strong></span> <span class='ocrx_word' id='word_1_169' title='bbox 664 2071 698 2122; x_wconf 90' lang='lat' dir='ltr'><strong>ut</strong></span> <span class='ocrx_word' id='word_1_170' title='bbox 708 2071 739 2122; x_wconf 88' lang='lat' dir='ltr'><strong>et</strong></span> <span class='ocrx_word' id='word_1_171' title='bbox 750 2061 814 2141; x_wconf 90' lang='lat' dir='ltr'><strong>ipsa</strong></span> <span class='ocrx_word' id='word_1_172' title='bbox 824 2060 881 2123; x_wconf 88' lang='lat' dir='ltr'><strong>sihi</strong></span> <span class='ocrx_word' id='word_1_173' title='bbox 893 2079 927 2123; x_wconf 94' lang='lat' dir='ltr'><strong>ac</strong></span> <span class='ocrx_word' id='word_1_174' title='bbox 939 2078 1037 2140; x_wconf 77' lang='lat' dir='ltr'><strong>regno</strong></span> <span class='ocrx_word' id='word_1_175' title='bbox 1053 2081 1112 2126; x_wconf 89' lang='lat' dir='ltr'><strong>suo</strong></span> <span class='ocrx_word' id='word_1_176' title='bbox 1127 2064 1216 2145; x_wconf 72' lang='lat' dir='ltr'><strong>possit</strong></span> 
     </span>
     <span class='ocr_line' id='line_1_20' title="bbox 95 2146 1215 2227; baseline 0.002 -22"><span class='ocrx_word' id='word_1_177' title='bbox 95 2159 110 2206; x_wconf 82' lang='lat' dir='ltr'><strong>t</strong></span> <span class='ocrx_word' id='word_1_178' title='bbox 133 2146 301 2206; x_wconf 89' lang='lat' dir='ltr'><strong>consulere.</strong></span> <span class='ocrx_word' id='word_1_179' title='bbox 332 2146 432 2224; x_wconf 92' lang='lat' dir='ltr'><strong>itaque</strong></span> <span class='ocrx_word' id='word_1_180' title='bbox 449 2146 519 2208; x_wconf 86' lang='lat' dir='ltr'><strong>satis</strong></span> <span class='ocrx_word' id='word_1_181' title='bbox 541 2147 598 2208; x_wconf 91' lang='lat' dir='ltr'><strong>iam</strong></span> <span class='ocrx_word' id='word_1_182' title='bbox 615 2146 755 2208; x_wconf 90' lang='lat' dir='ltr'><strong>omnihus</strong></span> <span class='ocrx_word' id='word_1_183' title='bbox 770 2146 924 2209; x_wconf 88' lang='lat' dir='ltr'><strong>instructis</strong></span> <span class='ocrx_word' id='word_1_184' title='bbox 939 2148 1116 2227; x_wconf 83' lang='lat' dir='ltr'><strong>paratisque</strong></span> <span class='ocrx_word' id='word_1_185' title='bbox 1137 2157 1166 2209; x_wconf 90' lang='lat' dir='ltr'><strong>et</strong></span> <span class='ocrx_word' id='word_1_186' title='bbox 1187 2166 1215 2207; x_wconf 88' lang='lat' dir='ltr'><strong>re</strong></span> 
     </span>
     <span class='ocr_line' id='line_1_21' title="bbox 132 2230 1214 2312; baseline 0.001 -20"><span class='ocrx_word' id='word_1_187' title='bbox 132 2231 189 2292; x_wconf 91' lang='lat' dir='ltr'><strong>iam</strong></span> <span class='ocrx_word' id='word_1_188' title='bbox 214 2250 275 2291; x_wconf 94' lang='lat' dir='ltr'><strong>non</strong></span> <span class='ocrx_word' id='word_1_189' title='bbox 299 2230 375 2292; x_wconf 86' lang='lat' dir='ltr'><strong>uitra</strong></span> <span class='ocrx_word' id='word_1_190' title='bbox 398 2230 561 2310; x_wconf 85' lang='lat' dir='ltr'><strong>recipiente</strong></span> <span class='ocrx_word' id='word_1_191' title='bbox 579 2232 802 2293; x_wconf 88' lang='lat' dir='ltr'><strong>cunctationem</strong></span> <span class='ocrx_word' id='word_1_192' title='bbox 818 2232 848 2293; x_wconf 94' lang='lat' dir='ltr'><strong>in</strong></span> <span class='ocrx_word' id='word_1_193' title='bbox 864 2232 965 2293; x_wconf 88' lang='lat' dir='ltr'><strong>animo</strong></span> <span class='ocrx_word' id='word_1_194' title='bbox 980 2232 1039 2293; x_wconf 88' lang='lat' dir='ltr'><strong>sihi</strong></span> <span class='ocrx_word' id='word_1_195' title='bbox 1057 2252 1125 2296; x_wconf 87' lang='lat' dir='ltr'><strong>esse</strong></span> <span class='ocrx_word' id='word_1_196' title='bbox 1141 2233 1214 2312; x_wconf 66' lang='lat' dir='ltr'><strong>Lity-</strong></span> 
     </span>
     <span class='ocr_line' id='line_1_22' title="bbox 132 2314 1215 2398; baseline 0.001 -22"><span class='ocrx_word' id='word_1_197' title='bbox 132 2314 239 2378; x_wconf 88' lang='lat' dir='ltr'><strong>haeum</strong></span> <span class='ocrx_word' id='word_1_198' title='bbox 263 2315 355 2378; x_wconf 85' lang='lat' dir='ltr'><strong>ciasse</strong></span> <span class='ocrx_word' id='word_1_199' title='bbox 377 2315 510 2378; x_wconf 90' lang='lat' dir='ltr'><strong>traducta</strong></span> <span class='ocrx_word' id='word_1_200' title='bbox 534 2319 698 2396; x_wconf 89' lang='lat' dir='ltr'><strong>eodemque</strong></span> <span class='ocrx_word' id='word_1_201' title='bbox 714 2316 853 2378; x_wconf 90' lang='lat' dir='ltr'><strong>omnihus</strong></span> <span class='ocrx_word' id='word_1_202' title='bbox 871 2317 1006 2396; x_wconf 89' lang='lat' dir='ltr'><strong>pediturn</strong></span> <span class='ocrx_word' id='word_1_203' title='bbox 1021 2318 1215 2398; x_wconf 85' lang='lat' dir='ltr'><strong>equitumque</strong></span> 
     </span>
     <span class='ocr_line' id='line_1_23' title="bbox 132 2401 1214 2482; baseline 0 -19"><span class='ocrx_word' id='word_1_204' title='bbox 132 2402 225 2482; x_wconf 89' lang='lat' dir='ltr'><strong>copiis</strong></span> <span class='ocrx_word' id='word_1_205' title='bbox 238 2402 408 2476; x_wconf 88' lang='lat' dir='ltr'><strong>contractis,</strong></span> <span class='ocrx_word' id='word_1_206' title='bbox 420 2421 496 2482; x_wconf 90' lang='lat' dir='ltr'><strong>quae</strong></span> <span class='ocrx_word' id='word_1_207' title='bbox 509 2403 603 2482; x_wconf 89' lang='lat' dir='ltr'><strong>prima</strong></span> <span class='ocrx_word' id='word_1_208' title='bbox 616 2402 678 2464; x_wconf 88' lang='lat' dir='ltr'><strong>dies</strong></span> <span class='ocrx_word' id='word_1_209' title='bbox 690 2420 810 2463; x_wconf 89' lang='lat' dir='ltr'><strong>cursum</strong></span> <span class='ocrx_word' id='word_1_210' title='bbox 823 2403 947 2464; x_wconf 86' lang='lat' dir='ltr'><strong>navihua</strong></span> <span class='ocrx_word' id='word_1_211' title='bbox 956 2401 1052 2475; x_wconf 89' lang='lat' dir='ltr'><strong>daret,</strong></span> <span class='ocrx_word' id='word_1_212' title='bbox 1065 2404 1131 2466; x_wconf 83' lang='lat' dir='ltr'><strong>deis</strong></span> <span class='ocrx_word' id='word_1_213' title='bbox 1143 2404 1214 2464; x_wconf 87' lang='lat' dir='ltr'><strong>hene</strong></span> 
     </span>
    </p>
   </div>
   <div class='ocr_carea' id='block_1_4' title="bbox 130 2496 1216 4201">
    <p class='ocr_par' dir='ltr' id='par_1_4' title="bbox 130 2496 1216 4201">
     <span class='ocr_line' id='line_1_24' title="bbox 131 2496 1213 2563; baseline -0.001 -9"><span class='ocrx_word' id='word_1_214' title='bbox 131 2502 177 2554; x_wconf 83' lang='lat' dir='ltr'><strong>der</strong></span> <span class='ocrx_word' id='word_1_215' title='bbox 205 2500 347 2554; x_wconf 87' lang='lat' dir='ltr'><strong>Nachaata:</strong></span> <span class='ocrx_word' id='word_1_216' title='bbox 381 2496 421 2554; x_wconf 86' lang='lat' dir='ltr'><strong>‘ao</strong></span> <span class='ocrx_word' id='word_1_217' title='bbox 451 2502 584 2555; x_wconf 82' lang='lat' dir='ltr'><strong>beschloss</strong></span> <span class='ocrx_word' id='word_1_218' title='bbox 619 2517 648 2554; x_wconf 91' lang='lat' dir='ltr'><strong>er</strong></span> <span class='ocrx_word' id='word_1_219' title='bbox 698 2501 1213 2563; x_wconf 68' lang='lat' dir='ltr'><strong>labiaiathhi.inatrum.,-rondem</strong></span> 
     </span>
     <span class='ocr_line' id='line_1_25' title="bbox 132 2569 1213 2634; baseline 0 -13"><span class='ocrx_word' id='word_1_220' title='bbox 132 2569 197 2622; x_wconf 90' lang='lat' dir='ltr'><strong>doeh</strong></span> <span class='ocrx_word' id='word_1_221' title='bbox 212 2573 406 2634; x_wconf 80' lang='lat' dir='ltr'><strong>uherausetzen,</strong></span> <span class='ocrx_word' id='word_1_222' title='bbox 424 2571 514 2623; x_wconf 85' lang='lat' dir='ltr'><strong>auchte</strong></span> <span class='ocrx_word' id='word_1_223' title='bbox 531 2570 592 2623; x_wconf 88' lang='lat' dir='ltr'><strong>aher</strong></span> <span class='ocrx_word' id='word_1_224' title='bbox 604 2587 648 2623; x_wconf 86' lang='lat' dir='ltr'><strong>au·</strong></span> <span class='ocrx_word' id='word_1_225' title='bbox 698 2570 803 2621; x_wconf 86' lang='lat' dir='ltr'><strong>wahren</strong></span> <span class='ocrx_word' id='word_1_226' title='bbox 822 2569 992 2622; x_wconf 83' lang='lat' dir='ltr'><strong>Saehrerhait</strong></span> <span class='ocrx_word' id='word_1_227' title='bbox 1016 2570 1100 2624; x_wconf 85' lang='lat' dir='ltr'><strong>durch</strong></span> <span class='ocrx_word' id='word_1_228' title='bbox 1121 2572 1213 2624; x_wconf 81' lang='lat' dir='ltr'><strong>iatsche</strong></span> 
     </span>
     <span class='ocr_line' id='line_1_26' title="bbox 131 2637 1211 2706; baseline 0 -18"><span class='ocrx_word' id='word_1_229' title='bbox 131 2653 178 2689; x_wconf 82' lang='lat' dir='ltr'><strong>vor</strong></span> <span class='ocrx_word' id='word_1_230' title='bbox 196 2637 241 2690; x_wconf 80' lang='lat' dir='ltr'><strong>aus</strong></span> <span class='ocrx_word' id='word_1_231' title='bbox 257 2639 362 2706; x_wconf 82' lang='lat' dir='ltr'><strong>Syphax</strong></span> <span class='ocrx_word' id='word_1_232' title='bbox 381 2638 460 2691; x_wconf 87' lang='lat' dir='ltr'><strong>durch</strong></span> <span class='ocrx_word' id='word_1_233' title='bbox 484 2639 559 2690; x_wconf 89' lang='lat' dir='ltr'><strong>einen</strong></span> <span class='ocrx_word' id='word_1_234' title='bbox 578 2637 650 2690; x_wconf 85' lang='lat' dir='ltr'><strong>Briei</strong></span> <span class='ocrx_word' id='word_1_235' title='bbox 699 2638 994 2703; x_wconf 74' lang='lat' dir='ltr'><strong>togaton-mantas]</strong></span> <span class='ocrx_word' id='word_1_236' title='bbox 1010 2640 1107 2703; x_wconf 75' lang='lat' dir='ltr'><strong>gehairt</strong></span> <span class='ocrx_word' id='word_1_237' title='bbox 1117 2639 1211 2692; x_wconf 69' lang='lat' dir='ltr'><strong>aovohi</strong></span> 
     </span>
     <span class='ocr_line' id='line_1_27' title="bbox 133 2699 1208 2775; baseline -0.002 -17"><span class='ocrx_word' id='word_1_238' title='bbox 133 2699 317 2759; x_wconf 87' lang='lat' dir='ltr'><strong>einauwirhen’</strong></span> <span class='ocrx_word' id='word_1_239' title='bbox 345 2706 396 2759; x_wconf 91' lang='lat' dir='ltr'><strong>und</strong></span> <span class='ocrx_word' id='word_1_240' title='bbox 422 2707 472 2772; x_wconf 72' lang='lat' dir='ltr'><strong>gab</strong></span> <span class='ocrx_word' id='word_1_241' title='bbox 497 2706 648 2758; x_wconf 81' lang='lat' dir='ltr'><strong>demnichst</strong></span> <span class='ocrx_word' id='word_1_242' title='bbox 697 2721 729 2757; x_wconf 85' lang='lat' dir='ltr'><strong>au</strong></span> <span class='ocrx_word' id='word_1_243' title='bbox 748 2709 846 2757; x_wconf 74' lang='lat' dir='ltr'><strong>auertat</strong></span> <span class='ocrx_word' id='word_1_244' title='bbox 863 2706 902 2757; x_wconf 83' lang='lat' dir='ltr'><strong>aia</strong></span> <span class='ocrx_word' id='word_1_245' title='bbox 925 2722 956 2757; x_wconf 88' lang='lat' dir='ltr'><strong>an</strong></span> <span class='ocrx_word' id='word_1_246' title='bbox 972 2708 1208 2775; x_wconf 78' lang='lat' dir='ltr'><strong>praeoccupando.</strong></span> 
     </span>
     <span class='ocr_line' id='line_1_28' title="bbox 132 2772 1213 2841; baseline -0.001 -16"><span class='ocrx_word' id='word_1_247' title='bbox 132 2774 180 2826; x_wconf 93' lang='lat' dir='ltr'><strong>den</strong></span> <span class='ocrx_word' id='word_1_248' title='bbox 209 2773 331 2828; x_wconf 84' lang='lat' dir='ltr'><strong>Soidaten</strong></span> <span class='ocrx_word' id='word_1_249' title='bbox 362 2790 413 2826; x_wconf 85' lang='lat' dir='ltr'><strong>von</strong></span> <span class='ocrx_word' id='word_1_250' title='bbox 441 2775 538 2826; x_wconf 87' lang='lat' dir='ltr'><strong>seinem</strong></span> <span class='ocrx_word' id='word_1_251' title='bbox 565 2772 646 2826; x_wconf 89' lang='lat' dir='ltr'><strong>Plane</strong></span> <span class='ocrx_word' id='word_1_252' title='bbox 732 2776 757 2827; x_wconf 84' lang='grc'><strong>3.</strong></span> <span class='ocrx_word' id='word_1_253' title='bbox 775 2774 845 2825; x_wconf 80' lang='lat' dir='ltr'><strong>idam</strong></span> <span class='ocrx_word' id='word_1_254' title='bbox 863 2775 1045 2827; x_wconf 71' lang='lat' dir='ltr'><strong>admirantem</strong></span> <span class='ocrx_word' id='word_1_255' title='bbox 1063 2780 1102 2841; x_wconf 90' lang='grc'><strong>..]</strong></span> <span class='ocrx_word' id='word_1_256' title='bbox 1122 2800 1155 2821; x_wconf 78' lang='grc'><strong>.-</strong></span> <span class='ocrx_word' id='word_1_257' title='bbox 1173 2777 1213 2826; x_wconf 87' lang='lat' dir='ltr'><strong>mit</strong></span> 
     </span>
     <span class='ocr_line' id='line_1_29' title="bbox 132 2840 1213 2912; baseline 0.002 -19"><span class='ocrx_word' id='word_1_258' title='bbox 132 2840 259 2896; x_wconf 78' lang='lat' dir='ltr'><strong>Kenntnis</strong></span> <span class='ocrx_word' id='word_1_259' title='bbox 276 2845 302 2912; x_wconf 59' lang='grc' dir='ltr'><strong>(ἦ</strong></span> <span class='ocrx_word' id='word_1_260' title='bbox 321 2846 355 2907; x_wconf 77' lang='grc'><strong>5).</strong></span> <span class='ocrx_word' id='word_1_261' title='bbox 367 2872 402 2883; x_wconf 92' lang='grc'><strong>-</strong></span> <span class='ocrx_word' id='word_1_262' title='bbox 412 2844 556 2906; x_wconf 81' lang='lat' dir='ltr'><strong>momento]</strong></span> <span class='ocrx_word' id='word_1_263' title='bbox 575 2858 595 2894; x_wconf 92' lang='lat' dir='ltr'><strong>s.</strong></span> <span class='ocrx_word' id='word_1_264' title='bbox 614 2858 645 2893; x_wconf 87' lang='lat' dir='ltr'><strong>au</strong></span> <span class='ocrx_word' id='word_1_265' title='bbox 697 2841 882 2908; x_wconf 78' lang='lat' dir='ltr'><strong>derhieidunq,</strong></span> <span class='ocrx_word' id='word_1_266' title='bbox 901 2842 957 2895; x_wconf 82' lang='lat' dir='ltr'><strong>daia</strong></span> <span class='ocrx_word' id='word_1_267' title='bbox 967 2858 995 2894; x_wconf 84' lang='lat' dir='ltr'><strong>er</strong></span> <span class='ocrx_word' id='word_1_268' title='bbox 1007 2844 1065 2896; x_wconf 88' lang='lat' dir='ltr'><strong>sich</strong></span> <span class='ocrx_word' id='word_1_269' title='bbox 1080 2847 1146 2897; x_wconf 82' lang='lat' dir='ltr'><strong>dher</strong></span> <span class='ocrx_word' id='word_1_270' title='bbox 1157 2842 1213 2896; x_wconf 81' lang='lat' dir='ltr'><strong>deu·</strong></span> 
     </span>
     <span class='ocr_line' id='line_1_30' title="bbox 133 2909 1212 2977; baseline 0 -16"><span class='ocrx_word' id='word_1_271' title='bbox 133 2912 173 2975; x_wconf 84' lang='grc'>23,</span> <span class='ocrx_word' id='word_1_272' title='bbox 185 2912 397 2977; x_wconf 78' lang='lat' dir='ltr'><strong>2—legatia..</strong></span> <span class='ocrx_word' id='word_1_273' title='bbox 415 2911 648 2964; x_wconf 57' lang='lat' dir='ltr'><strong>ramiraimr&#39;tta-</strong></span> <span class='ocrx_word' id='word_1_274' title='bbox 700 2910 789 2962; x_wconf 87' lang='lat' dir='ltr'><strong>selben</strong></span> <span class='ocrx_word' id='word_1_275' title='bbox 825 2909 910 2962; x_wconf 86' lang='lat' dir='ltr'><strong>Punirt</strong></span> <span class='ocrx_word' id='word_1_276' title='bbox 936 2909 1075 2975; x_wconf 67' lang='lat' dir='ltr'><strong>mundare,</strong></span> <span class='ocrx_word' id='word_1_277' title='bbox 1108 2912 1212 2965; x_wconf 79' lang='lat' dir='ltr'><strong>nimttct</strong></span> 
     </span>
     <span class='ocr_line' id='line_1_31' title="bbox 132 2978 1213 3060; baseline 0 -31"><span class='ocrx_word' id='word_1_278' title='bbox 132 2996 178 3030; x_wconf 84' lang='lat' dir='ltr'><strong>raa</strong></span> <span class='ocrx_word' id='word_1_279' title='bbox 195 2978 252 3047; x_wconf 84' lang='lat' dir='ltr'><strong>dat]</strong></span> <span class='ocrx_word' id='word_1_280' title='bbox 268 3005 299 3025; x_wconf 76' lang='grc' dir='ltr'><strong>ιι</strong></span> <span class='ocrx_word' id='word_1_281' title='bbox 312 2981 416 3045; x_wconf 78' lang='lat' dir='ltr'><strong>legator</strong></span> <span class='ocrx_word' id='word_1_282' title='bbox 434 2980 648 3044; x_wconf 81' lang='lat' dir='ltr'><strong>remittitit&#39;aqua</strong></span> <span class='ocrx_word' id='word_1_283' title='bbox 697 2994 768 3060; x_wconf 71' lang='lat' dir='ltr'><strong>quaa</strong></span> <span class='ocrx_word' id='word_1_284' title='bbox 781 3015 808 3030; x_wconf 93' lang='lat'><strong>..</strong></span> <span class='ocrx_word' id='word_1_285' title='bbox 834 2982 870 3028; x_wconf 82' lang='lat' dir='ltr'><strong>ait</strong></span> <span class='ocrx_word' id='word_1_286' title='bbox 897 2994 988 3030; x_wconf 75' lang='lat' dir='ltr'><strong>carran.</strong></span> <span class='ocrx_word' id='word_1_287' title='bbox 1024 3008 1061 3018; x_wconf 93' lang='lat'>—</span> <span class='ocrx_word' id='word_1_288' title='bbox 1097 2986 1125 3031; x_wconf 82' lang='lat' dir='ltr'><strong>at</strong></span> <span class='ocrx_word' id='word_1_289' title='bbox 1154 2981 1213 3047; x_wconf 77' lang='lat' dir='ltr'><strong>ipae]</strong></span> 
     </span>
     <span class='ocr_line' id='line_1_32' title="bbox 132 3040 1213 3115; baseline 0.003 -19"><span class='ocrx_word' id='word_1_290' title='bbox 132 3047 235 3097; x_wconf 83' lang='lat' dir='ltr'><strong>litterar</strong></span> <span class='ocrx_word' id='word_1_291' title='bbox 253 3048 308 3100; x_wconf 85' lang='lat' dir='ltr'><strong>dat.</strong></span> <span class='ocrx_word' id='word_1_292' title='bbox 708 3040 862 3111; x_wconf 79' lang='lat' dir='ltr'><strong>gleichialls&#39;</strong></span> <span class='ocrx_word' id='word_1_293' title='bbox 880 3048 952 3099; x_wconf 85' lang='lat' dir='ltr'><strong>aeine</strong></span> <span class='ocrx_word' id='word_1_294' title='bbox 971 3046 1213 3115; x_wconf 71' lang='lat' dir='ltr'><strong>Entsehiietsungen</strong></span> 
     </span>
     <span class='ocr_line' id='line_1_33' title="bbox 166 3115 774 3181; baseline 0 -16"><span class='ocrx_word' id='word_1_295' title='bbox 166 3117 190 3165; x_wconf 84' lang='grc'><strong>3.</strong></span> <span class='ocrx_word' id='word_1_296' title='bbox 209 3119 290 3165; x_wconf 81' lang='lat' dir='ltr'><strong>etiam</strong></span> <span class='ocrx_word' id='word_1_297' title='bbox 309 3120 389 3181; x_wconf 83' lang='lat' dir='ltr'><strong>atqua</strong></span> <span class='ocrx_word' id='word_1_298' title='bbox 407 3120 488 3167; x_wconf 80' lang='lat' dir='ltr'><strong>atium</strong></span> <span class='ocrx_word' id='word_1_299' title='bbox 506 3118 604 3179; x_wconf 80' lang='lat' dir='ltr'><strong>oronet]</strong></span> <span class='ocrx_word' id='word_1_300' title='bbox 624 3132 645 3168; x_wconf 89' lang='lat' dir='ltr'><strong>s.</strong></span> <span class='ocrx_word' id='word_1_301' title='bbox 698 3115 774 3165; x_wconf 81' lang='lat' dir='ltr'><strong>insse.</strong></span> 
     </span>
     <span class='ocr_line' id='line_1_34' title="bbox 131 3181 1215 3248; baseline 0.001 -16"><span class='ocrx_word' id='word_1_302' title='bbox 131 3197 162 3232; x_wconf 87' lang='lat' dir='ltr'><strong>au</strong></span> <span class='ocrx_word' id='word_1_303' title='bbox 182 3184 223 3244; x_wconf 88' lang='grc'><strong>22,</strong></span> <span class='ocrx_word' id='word_1_304' title='bbox 246 3186 283 3245; x_wconf 96' lang='grc'><strong>13,</strong></span> <span class='ocrx_word' id='word_1_305' title='bbox 301 3184 326 3233; x_wconf 71' lang='lat' dir='ltr'><strong>d.</strong></span> <span class='ocrx_word' id='word_1_306' title='bbox 349 3212 382 3222; x_wconf 91' lang='lat'><em>-</em></span> <span class='ocrx_word' id='word_1_307' title='bbox 401 3186 512 3248; x_wconf 78' lang='lat' dir='ltr'><strong>hospitii</strong></span> <span class='ocrx_word' id='word_1_308' title='bbox 529 3187 646 3234; x_wconf 78' lang='lat' dir='ltr'><strong>sociato·</strong></span> <span class='ocrx_word' id='word_1_309' title='bbox 732 3188 756 3234; x_wconf 77' lang='lat' dir='ltr'><strong>i.</strong></span> <span class='ocrx_word' id='word_1_310' title='bbox 774 3185 891 3248; x_wconf 79' lang='lat' dir='ltr'><strong>paratis]</strong></span> <span class='ocrx_word' id='word_1_311' title='bbox 911 3181 976 3234; x_wconf 80' lang='lat' dir='ltr'><strong>wird</strong></span> <span class='ocrx_word' id='word_1_312' title='bbox 990 3182 1029 3234; x_wconf 85' lang='lat' dir='ltr'><strong>cit</strong></span> <span class='ocrx_word' id='word_1_313' title='bbox 1042 3185 1090 3235; x_wconf 90' lang='lat' dir='ltr'><strong>rnit</strong></span> <span class='ocrx_word' id='word_1_314' title='bbox 1104 3187 1215 3235; x_wconf 77' lang='lat' dir='ltr'><strong>instrue·</strong></span> 
     </span>
     <span class='ocr_line' id='line_1_35' title="bbox 132 3251 1214 3318; baseline 0.006 -19"><span class='ocrx_word' id='word_1_315' title='bbox 132 3251 176 3312; x_wconf 77' lang='lat' dir='ltr'><strong>tir]</strong></span> <span class='ocrx_word' id='word_1_316' title='bbox 195 3266 215 3299; x_wconf 81' lang='lat' dir='ltr'><strong>a.</strong></span> <span class='ocrx_word' id='word_1_317' title='bbox 235 3251 275 3312; x_wconf 82' lang='grc'>28,</span> <span class='ocrx_word' id='word_1_318' title='bbox 297 3251 336 3312; x_wconf 84' lang='grc'><strong>18,</strong></span> <span class='ocrx_word' id='word_1_319' title='bbox 356 3252 400 3309; x_wconf 90' lang='grc'>12;</span> <span class='ocrx_word' id='word_1_320' title='bbox 424 3251 470 3301; x_wconf 86' lang='lat' dir='ltr'><strong>das</strong></span> <span class='ocrx_word' id='word_1_321' title='bbox 488 3267 539 3302; x_wconf 79' lang='lat' dir='ltr'><strong>ron</strong></span> <span class='ocrx_word' id='word_1_322' title='bbox 558 3252 645 3318; x_wconf 91' lang='lat' dir='ltr'><strong>Scipio</strong></span> <span class='ocrx_word' id='word_1_323' title='bbox 697 3257 740 3301; x_wconf 80' lang='lat' dir='ltr'><strong>tur</strong></span> <span class='ocrx_word' id='word_1_324' title='bbox 758 3251 906 3303; x_wconf 76' lang='lat' dir='ltr'><strong>verbunden</strong></span> <span class='ocrx_word' id='word_1_325' title='bbox 924 3255 955 3313; x_wconf 86' lang='lat' dir='ltr'><strong>(a.</strong></span> <span class='ocrx_word' id='word_1_326' title='bbox 970 3254 1012 3317; x_wconf 77' lang='lat'><strong>24,</strong></span> <span class='ocrx_word' id='word_1_327' title='bbox 1024 3254 1068 3313; x_wconf 79' lang='grc'><strong>40,</strong></span> <span class='ocrx_word' id='word_1_328' title='bbox 1081 3257 1106 3312; x_wconf 76' lang='lat'><strong>53</strong></span> <span class='ocrx_word' id='word_1_329' title='bbox 1126 3254 1168 3315; x_wconf 77' lang='grc'>21,</span> <span class='ocrx_word' id='word_1_330' title='bbox 1179 3254 1214 3305; x_wconf 78' lang='lat' dir='ltr'><strong>ii.</strong></span> 
     </span>
     <span class='ocr_line' id='line_1_36' title="bbox 132 3316 1215 3385; baseline 0.002 -18"><span class='ocrx_word' id='word_1_331' title='bbox 132 3317 316 3382; x_wconf 78' lang='lat' dir='ltr'><strong>geachlossene</strong></span> <span class='ocrx_word' id='word_1_332' title='bbox 329 3316 444 3369; x_wconf 80' lang='lat' dir='ltr'><strong>Bdndnis</strong></span> <span class='ocrx_word' id='word_1_333' title='bbox 463 3333 515 3369; x_wconf 87' lang='lat' dir='ltr'><strong>war</strong></span> <span class='ocrx_word' id='word_1_334' title='bbox 534 3327 645 3372; x_wconf 86' lang='lat' dir='ltr'><strong>vermut·</strong></span> <span class='ocrx_word' id='word_1_335' title='bbox 699 3323 727 3381; x_wconf 72' lang='grc' dir='ltr'><strong>ῖς</strong></span> <span class='ocrx_word' id='word_1_336' title='bbox 755 3321 796 3381; x_wconf 73' lang='lat' dir='ltr'><strong>at,</strong></span> <span class='ocrx_word' id='word_1_337' title='bbox 818 3323 857 3383; x_wconf 92' lang='grc'><strong>11,</strong></span> <span class='ocrx_word' id='word_1_338' title='bbox 877 3322 904 3378; x_wconf 90' lang='grc'><strong>3;</strong></span> <span class='ocrx_word' id='word_1_339' title='bbox 929 3321 973 3382; x_wconf 74' lang='grc'>42,</span> <span class='ocrx_word' id='word_1_340' title='bbox 991 3321 1032 3376; x_wconf 82' lang='grc'>52.</span> <span class='ocrx_word' id='word_1_341' title='bbox 1053 3323 1088 3385; x_wconf 79' lang='grc'><strong>3),</strong></span> <span class='ocrx_word' id='word_1_342' title='bbox 1109 3322 1174 3373; x_wconf 91' lang='lat' dir='ltr'><strong>auch</strong></span> <span class='ocrx_word' id='word_1_343' title='bbox 1191 3320 1215 3369; x_wconf 87' lang='lat' dir='ltr'><strong>in</strong></span> 
     </span>
     <span class='ocr_line' id='line_1_37' title="bbox 133 3383 1214 3453; baseline 0.001 -17"><span class='ocrx_word' id='word_1_344' title='bbox 133 3385 184 3437; x_wconf 88' lang='lat' dir='ltr'><strong>lich</strong></span> <span class='ocrx_word' id='word_1_345' title='bbox 202 3385 229 3436; x_wconf 91' lang='lat' dir='ltr'><strong>in</strong></span> <span class='ocrx_word' id='word_1_346' title='bbox 247 3383 311 3438; x_wconf 85' lang='lat' dir='ltr'><strong>Rom</strong></span> <span class='ocrx_word' id='word_1_347' title='bbox 332 3385 455 3450; x_wconf 77' lang='lat' dir='ltr'><strong>bestitigt</strong></span> <span class='ocrx_word' id='word_1_348' title='bbox 473 3386 587 3440; x_wconf 82' lang='lat' dir='ltr'><strong>worden.</strong></span> <span class='ocrx_word' id='word_1_349' title='bbox 615 3416 648 3426; x_wconf 98' lang='lat'>-</span> <span class='ocrx_word' id='word_1_350' title='bbox 699 3387 880 3453; x_wconf 79' lang='lat' dir='ltr'><strong>umgehehrter</strong></span> <span class='ocrx_word' id='word_1_351' title='bbox 899 3385 1022 3453; x_wconf 70' lang='lat' dir='ltr'><strong>Ordnuug</strong></span> <span class='ocrx_word' id='word_1_352' title='bbox 1040 3392 1074 3449; x_wconf 87' lang='lat' dir='ltr'><strong>(s.</strong></span> <span class='ocrx_word' id='word_1_353' title='bbox 1094 3392 1138 3448; x_wconf 80' lang='grc'>311,</span> <span class='ocrx_word' id='word_1_354' title='bbox 1152 3390 1214 3453; x_wconf 77' lang='grc'>3,1;</span> 
     </span>
     <span class='ocr_line' id='line_1_38' title="bbox 132 3453 1214 3521; baseline 0.003 -18"><span class='ocrx_word' id='word_1_355' title='bbox 132 3453 267 3517; x_wconf 72' lang='lat' dir='ltr'><strong>denotarat]</strong></span> <span class='ocrx_word' id='word_1_356' title='bbox 286 3471 306 3507; x_wconf 88' lang='lat' dir='ltr'><strong>s.</strong></span> <span class='ocrx_word' id='word_1_357' title='bbox 329 3459 352 3516; x_wconf 87' lang='lat' dir='ltr'><strong>l,</strong></span> <span class='ocrx_word' id='word_1_358' title='bbox 371 3457 413 3518; x_wconf 88' lang='grc'>21,</span> <span class='ocrx_word' id='word_1_359' title='bbox 431 3458 455 3506; x_wconf 81' lang='grc'><strong>4.</strong></span> <span class='ocrx_word' id='word_1_360' title='bbox 476 3485 507 3493; x_wconf 91' lang='grc'>-</span> <span class='ocrx_word' id='word_1_361' title='bbox 526 3457 588 3507; x_wconf 83' lang='lat' dir='ltr'><strong>daca</strong></span> <span class='ocrx_word' id='word_1_362' title='bbox 613 3462 649 3506; x_wconf 87' lang='lat' dir='ltr'><strong>ta·</strong></span> <span class='ocrx_word' id='word_1_363' title='bbox 699 3460 741 3513; x_wconf 82' lang='lat' dir='ltr'><strong>ta.</strong></span> <span class='ocrx_word' id='word_1_364' title='bbox 753 3458 779 3519; x_wconf 90' lang='grc'><strong>3,</strong></span> <span class='ocrx_word' id='word_1_365' title='bbox 789 3456 975 3520; x_wconf 78' lang='lat' dir='ltr'><strong>7);hisweilen</strong></span> <span class='ocrx_word' id='word_1_366' title='bbox 986 3460 1157 3521; x_wconf 79' lang='lat' dir='ltr'><strong>comparatis</strong></span> <span class='ocrx_word' id='word_1_367' title='bbox 1167 3453 1214 3507; x_wconf 90' lang='lat' dir='ltr'><strong>und</strong></span> 
     </span>
     <span class='ocr_line' id='line_1_39' title="bbox 130 3523 1215 3590; baseline 0.006 -21"><span class='ocrx_word' id='word_1_368' title='bbox 130 3524 228 3585; x_wconf 79' lang='lat' dir='ltr'><strong>atis..]</strong></span> <span class='ocrx_word' id='word_1_369' title='bbox 256 3523 308 3587; x_wconf 72' lang='lat' dir='ltr'><strong>apl.</strong></span> <span class='ocrx_word' id='word_1_370' title='bbox 326 3526 351 3585; x_wconf 83' lang='grc'><strong>3,</strong></span> <span class='ocrx_word' id='word_1_371' title='bbox 370 3525 394 3585; x_wconf 97' lang='grc'>2,</span> <span class='ocrx_word' id='word_1_372' title='bbox 413 3528 442 3582; x_wconf 78' lang='lat' dir='ltr'><strong>t;</strong></span> <span class='ocrx_word' id='word_1_373' title='bbox 470 3528 493 3585; x_wconf 83' lang='grc'><strong>9,</strong></span> <span class='ocrx_word' id='word_1_374' title='bbox 516 3528 536 3588; x_wconf 90' lang='lat' dir='ltr'><strong>l,</strong></span> <span class='ocrx_word' id='word_1_375' title='bbox 556 3528 584 3581; x_wconf 74' lang='grc' dir='ltr'><strong>ῖς</strong></span> <span class='ocrx_word' id='word_1_376' title='bbox 607 3527 648 3588; x_wconf 86' lang='grc'>21,</span> <span class='ocrx_word' id='word_1_377' title='bbox 697 3527 882 3590; x_wconf 78' lang='lat' dir='ltr'><strong>praeparatia3</strong></span> <span class='ocrx_word' id='word_1_378' title='bbox 901 3526 1059 3587; x_wconf 77' lang='lat' dir='ltr'><strong>s.t,23,5;</strong></span> <span class='ocrx_word' id='word_1_379' title='bbox 1078 3526 1215 3587; x_wconf 80' lang='grc'>42,43,3;</span> 
     </span>
     <span class='ocr_line' id='line_1_40' title="bbox 134 3591 1215 3659; baseline 0.005 -19"><span class='ocrx_word' id='word_1_380' title='bbox 134 3591 174 3648; x_wconf 89' lang='grc'><strong>10,</strong></span> <span class='ocrx_word' id='word_1_381' title='bbox 193 3591 220 3647; x_wconf 85' lang='grc'><strong>3;</strong></span> <span class='ocrx_word' id='word_1_382' title='bbox 240 3594 375 3650; x_wconf 79' lang='grc'>41,25.4.</span> <span class='ocrx_word' id='word_1_383' title='bbox 394 3619 428 3629; x_wconf 96' lang='grc'><strong>-</strong></span> <span class='ocrx_word' id='word_1_384' title='bbox 446 3596 648 3657; x_wconf 80' lang='lat' dir='ltr'><strong>conventorum]</strong></span> <span class='ocrx_word' id='word_1_385' title='bbox 699 3594 751 3656; x_wconf 77' lang='lat' dir='ltr'><strong>rqi.</strong></span> <span class='ocrx_word' id='word_1_386' title='bbox 776 3608 806 3643; x_wconf 86' lang='lat' dir='ltr'><strong>au</strong></span> <span class='ocrx_word' id='word_1_387' title='bbox 827 3595 868 3656; x_wconf 89' lang='grc'>21,</span> <span class='ocrx_word' id='word_1_388' title='bbox 888 3594 930 3651; x_wconf 79' lang='lat' dir='ltr'><strong>hd,</strong></span> <span class='ocrx_word' id='word_1_389' title='bbox 949 3595 973 3644; x_wconf 85' lang='grc'><strong>’1.</strong></span> <span class='ocrx_word' id='word_1_390' title='bbox 999 3619 1033 3630; x_wconf 94' lang='grc'>-</span> <span class='ocrx_word' id='word_1_391' title='bbox 1061 3594 1215 3659; x_wconf 64' lang='lat' dir='ltr'><strong>recaptant</strong></span> 
     </span>
     <span class='ocr_line' id='line_1_41' title="bbox 130 3654 1214 3729; baseline 0.004 -23"><span class='ocrx_word' id='word_1_392' title='bbox 130 3657 184 3722; x_wconf 76' lang='lat' dir='ltr'><strong>agi.</strong></span> <span class='ocrx_word' id='word_1_393' title='bbox 202 3658 254 3709; x_wconf 84' lang='lat' dir='ltr'><strong>Cic.</strong></span> <span class='ocrx_word' id='word_1_394' title='bbox 272 3659 304 3710; x_wconf 92' lang='lat' dir='ltr'><strong>de</strong></span> <span class='ocrx_word' id='word_1_395' title='bbox 322 3658 366 3709; x_wconf 83' lang='lat' dir='ltr'><strong>off.</strong></span> <span class='ocrx_word' id='word_1_396' title='bbox 384 3661 409 3722; x_wconf 89' lang='grc'><strong>3,</strong></span> <span class='ocrx_word' id='word_1_397' title='bbox 428 3664 475 3711; x_wconf 80' lang='grc' dir='ltr'><strong>93ι</strong></span> <span class='ocrx_word' id='word_1_398' title='bbox 494 3665 566 3711; x_wconf 82' lang='lat' dir='ltr'><strong>rtnra</strong></span> <span class='ocrx_word' id='word_1_399' title='bbox 585 3676 648 3711; x_wconf 85' lang='lat' dir='ltr'><strong>con·</strong></span> <span class='ocrx_word' id='word_1_400' title='bbox 693 3654 887 3720; x_wconf 78' lang='lat' dir='ltr'><strong>‘aulicis&#39;;a.i</strong></span> <span class='ocrx_word' id='word_1_401' title='bbox 915 3660 1214 3729; x_wconf 75' lang='lat' dir='ltr'><strong>14,5.—Li1pbaeuar]</strong></span> 
     </span>
     <span class='ocr_line' id='line_1_42' title="bbox 131 3698 1213 3780; baseline 0.001 -4"><span class='ocrx_word' id='word_1_402' title='bbox 131 3728 225 3779; x_wconf 81' lang='lat' dir='ltr'><strong>cantia.</strong></span> <span class='ocrx_word' id='word_1_403' title='bbox 699 3744 749 3780; x_wconf 81' lang='lat' dir='ltr'><strong>ron</strong></span> <span class='ocrx_word' id='word_1_404' title='bbox 770 3745 810 3780; x_wconf 87' lang='lat' dir='ltr'><strong>wo</strong></span> <span class='ocrx_word' id='word_1_405' title='bbox 829 3729 871 3780; x_wconf 90' lang='lat' dir='ltr'><strong>die</strong></span> <span class='ocrx_word' id='word_1_406' title='bbox 889 3698 1027 3780; x_wconf 65' lang='lat' dir='ltr'><strong>bhartatrra</strong></span> <span class='ocrx_word' id='word_1_407' title='bbox 1049 3733 1114 3780; x_wconf 82' lang='lat' dir='ltr'><strong>uach</strong></span> <span class='ocrx_word' id='word_1_408' title='bbox 1128 3730 1213 3780; x_wconf 81' lang='lat' dir='ltr'><strong>Airiha</strong></span> 
     </span>
     <span class='ocr_line' id='line_1_43' title="bbox 167 3794 1214 3860; baseline 0 -13"><span class='ocrx_word' id='word_1_409' title='bbox 167 3798 191 3847; x_wconf 77' lang='grc'><strong>4.</strong></span> <span class='ocrx_word' id='word_1_410' title='bbox 208 3797 358 3860; x_wconf 82' lang='lat' dir='ltr'><strong>praetorio]</strong></span> <span class='ocrx_word' id='word_1_411' title='bbox 377 3810 398 3848; x_wconf 89' lang='lat' dir='ltr'><strong>s.</strong></span> <span class='ocrx_word' id='word_1_412' title='bbox 418 3794 468 3849; x_wconf 83' lang='lat' dir='ltr'><strong>Cic.</strong></span> <span class='ocrx_word' id='word_1_413' title='bbox 489 3797 513 3847; x_wconf 92' lang='lat' dir='ltr'><strong>in</strong></span> <span class='ocrx_word' id='word_1_414' title='bbox 534 3796 603 3848; x_wconf 78' lang='lat' dir='ltr'><strong>Vero.</strong></span> <span class='ocrx_word' id='word_1_415' title='bbox 623 3800 647 3859; x_wconf 76' lang='lat'><strong>4,</strong></span> <span class='ocrx_word' id='word_1_416' title='bbox 700 3812 740 3848; x_wconf 89' lang='lat' dir='ltr'><strong>aur</strong></span> <span class='ocrx_word' id='word_1_417' title='bbox 760 3796 897 3849; x_wconf 80' lang='lat' dir='ltr'><strong>hhraesten</strong></span> <span class='ocrx_word' id='word_1_418' title='bbox 922 3812 982 3848; x_wconf 83' lang='lat' dir='ltr'><strong>war.</strong></span> <span class='ocrx_word' id='word_1_419' title='bbox 1002 3826 1035 3835; x_wconf 95' lang='lat'>-</span> <span class='ocrx_word' id='word_1_420' title='bbox 1054 3814 1166 3848; x_wconf 82' lang='lat' dir='ltr'><strong>cursum</strong></span> <span class='ocrx_word' id='word_1_421' title='bbox 1183 3833 1214 3849; x_wconf 89' lang='lat'><strong>..</strong></span> 
     </span>
     <span class='ocr_line' id='line_1_44' title="bbox 134 3856 1215 3932; baseline 0.006 -17"><span class='ocrx_word' id='word_1_422' title='bbox 134 3866 195 3917; x_wconf 82' lang='lat'><strong>118:</strong></span> <span class='ocrx_word' id='word_1_423' title='bbox 223 3868 252 3915; x_wconf 83' lang='lat' dir='ltr'><strong>r&#39;n</strong></span> <span class='ocrx_word' id='word_1_424' title='bbox 279 3879 333 3929; x_wconf 85' lang='lat' dir='ltr'><strong>qua</strong></span> <span class='ocrx_word' id='word_1_425' title='bbox 352 3866 461 3928; x_wconf 76' lang='lat' dir='ltr'><strong>(inaniat</strong></span> <span class='ocrx_word' id='word_1_426' title='bbox 489 3866 583 3915; x_wconf 82' lang='lat' dir='ltr'><strong>domus</strong></span> <span class='ocrx_word' id='word_1_427' title='bbox 602 3871 647 3926; x_wconf 80' lang='lat' dir='ltr'><strong>art,</strong></span> <span class='ocrx_word' id='word_1_428' title='bbox 699 3867 785 3927; x_wconf 81' lang='lat' dir='ltr'><strong>daret]</strong></span> <span class='ocrx_word' id='word_1_429' title='bbox 808 3859 867 3916; x_wconf 72' lang='lat' dir='ltr'><strong>‘das</strong></span> <span class='ocrx_word' id='word_1_430' title='bbox 900 3864 1042 3917; x_wconf 83' lang='lat' dir='ltr'><strong>husiauien</strong></span> <span class='ocrx_word' id='word_1_431' title='bbox 1076 3856 1215 3932; x_wconf 70' lang='lat' dir='ltr'><strong>gestatte’r</strong></span> 
     </span>
     <span class='ocr_line' id='line_1_45' title="bbox 132 3931 1216 3997; baseline 0.001 -17"><span class='ocrx_word' id='word_1_432' title='bbox 132 3931 490 3997; x_wconf 75' lang='lat' dir='ltr'><strong>qraaaregirfflaronirfua&#39;t.</strong></span> <span class='ocrx_word' id='word_1_433' title='bbox 504 3948 557 3997; x_wconf 81' lang='lat' dir='ltr'><strong>quc</strong></span> <span class='ocrx_word' id='word_1_434' title='bbox 567 3950 647 3997; x_wconf 84' lang='lat' dir='ltr'><strong>praa·</strong></span> <span class='ocrx_word' id='word_1_435' title='bbox 699 3935 762 3985; x_wconf 82' lang='lat' dir='ltr'><strong>tiher</strong></span> <span class='ocrx_word' id='word_1_436' title='bbox 785 3933 831 3986; x_wconf 88' lang='lat' dir='ltr'><strong>das</strong></span> <span class='ocrx_word' id='word_1_437' title='bbox 850 3932 945 3986; x_wconf 75' lang='lat' dir='ltr'><strong>rohten</strong></span> <span class='ocrx_word' id='word_1_438' title='bbox 970 3949 1020 3985; x_wconf 80' lang='lat' dir='ltr'><strong>von</strong></span> <span class='ocrx_word' id='word_1_439' title='bbox 1045 3950 1075 3983; x_wconf 86' lang='lat' dir='ltr'><strong>aa</strong></span> <span class='ocrx_word' id='word_1_440' title='bbox 1096 3950 1143 3985; x_wconf 80' lang='lat' dir='ltr'><strong>ror</strong></span> <span class='ocrx_word' id='word_1_441' title='bbox 1161 3934 1216 3984; x_wconf 82' lang='lat' dir='ltr'><strong>deis</strong></span> 
     </span>
     <span class='ocr_line' id='line_1_46' title="bbox 132 4002 1215 4067; baseline 0.006 -22"><span class='ocrx_word' id='word_1_442' title='bbox 132 4005 202 4050; x_wconf 83' lang='lat' dir='ltr'><strong>torar</strong></span> <span class='ocrx_word' id='word_1_443' title='bbox 216 4006 259 4050; x_wconf 79' lang='lat' dir='ltr'><strong>atti</strong></span> <span class='ocrx_word' id='word_1_444' title='bbox 267 4002 435 4053; x_wconf 63' lang='lat' dir='ltr'><strong>rodana—in</strong></span> <span class='ocrx_word' id='word_1_445' title='bbox 447 4002 646 4050; x_wconf 73' lang='lat' dir='ltr'><strong>oaerertumtn-</strong></span> <span class='ocrx_word' id='word_1_446' title='bbox 699 4017 720 4053; x_wconf 90' lang='lat' dir='ltr'><strong>s.</strong></span> <span class='ocrx_word' id='word_1_447' title='bbox 739 4017 769 4053; x_wconf 83' lang='lat' dir='ltr'><strong>au</strong></span> <span class='ocrx_word' id='word_1_448' title='bbox 790 4004 830 4065; x_wconf 71' lang='lat' dir='ltr'><strong>tt,</strong></span> <span class='ocrx_word' id='word_1_449' title='bbox 843 4004 886 4067; x_wconf 80' lang='lat' dir='ltr'><strong>tt,</strong></span> <span class='ocrx_word' id='word_1_450' title='bbox 901 4006 940 4056; x_wconf 84' lang='lat' dir='ltr'><strong>tu.</strong></span> <span class='ocrx_word' id='word_1_451' title='bbox 964 4030 999 4041; x_wconf 94' lang='lat'><em>-</em></span> <span class='ocrx_word' id='word_1_452' title='bbox 1017 4002 1074 4053; x_wconf 84' lang='lat' dir='ltr'><strong>daia</strong></span> <span class='ocrx_word' id='word_1_453' title='bbox 1094 4005 1158 4053; x_wconf 81' lang='lat' dir='ltr'><strong>dene</strong></span> <span class='ocrx_word' id='word_1_454' title='bbox 1176 4006 1215 4051; x_wconf 82' lang='lat' dir='ltr'><strong>iu·</strong></span> 
     </span>
     <span class='ocr_line' id='line_1_47' title="bbox 132 4068 1216 4136; baseline 0.002 -20"><span class='ocrx_word' id='word_1_455' title='bbox 132 4068 241 4131; x_wconf 80' lang='lat' dir='ltr'><strong>rideret]</strong></span> <span class='ocrx_word' id='word_1_456' title='bbox 249 4070 377 4131; x_wconf 63' lang='lat' dir='ltr'><strong>ughcaes.</strong></span> <span class='ocrx_word' id='word_1_457' title='bbox 386 4069 432 4119; x_wconf 79' lang='lat' dir='ltr'><strong>BG.</strong></span> <span class='ocrx_word' id='word_1_458' title='bbox 441 4072 464 4129; x_wconf 91' lang='grc'><strong>3,</strong></span> <span class='ocrx_word' id='word_1_459' title='bbox 475 4070 648 4129; x_wconf 82' lang='lat' dir='ltr'><strong>t3‚·2:terror</strong></span> <span class='ocrx_word' id='word_1_460' title='bbox 699 4073 833 4134; x_wconf 69' lang='lat' dir='ltr'><strong>raaudus]</strong></span> <span class='ocrx_word' id='word_1_461' title='bbox 847 4087 867 4121; x_wconf 85' lang='lat' dir='ltr'><strong>a.</strong></span> <span class='ocrx_word' id='word_1_462' title='bbox 884 4073 925 4132; x_wconf 86' lang='grc'>25,</span> <span class='ocrx_word' id='word_1_463' title='bbox 941 4073 985 4127; x_wconf 86' lang='grc'><strong>13;</strong></span> <span class='ocrx_word' id='word_1_464' title='bbox 1004 4072 1046 4127; x_wconf 83' lang='lat' dir='ltr'><strong>at.</strong></span> <span class='ocrx_word' id='word_1_465' title='bbox 1060 4073 1102 4127; x_wconf 89' lang='grc'>21,</span> <span class='ocrx_word' id='word_1_466' title='bbox 1115 4072 1143 4127; x_wconf 75' lang='grc' dir='ltr'><strong>ὃς</strong></span> <span class='ocrx_word' id='word_1_467' title='bbox 1165 4072 1216 4136; x_wconf 71' lang='lat' dir='ltr'><strong>aqi.</strong></span> 
     </span>
     <span class='ocr_line' id='line_1_48' title="bbox 131 4137 782 4201; baseline 0.012 -18"><span class='ocrx_word' id='word_1_468' title='bbox 131 4137 228 4186; x_wconf 79' lang='lat' dir='ltr'><strong>incidit</strong></span> <span class='ocrx_word' id='word_1_469' title='bbox 246 4142 389 4192; x_wconf 63' lang='lat' dir='ltr'><strong>exercitur.</strong></span> <span class='ocrx_word' id='word_1_470' title='bbox 401 4166 434 4176; x_wconf 96' lang='lat'>-</span> <span class='ocrx_word' id='word_1_471' title='bbox 447 4155 463 4187; x_wconf 87' lang='grc' dir='ltr'><em>α</em></span> <span class='ocrx_word' id='word_1_472' title='bbox 477 4154 539 4188; x_wconf 83' lang='lat' dir='ltr'><strong>uaro</strong></span> <span class='ocrx_word' id='word_1_473' title='bbox 556 4138 645 4201; x_wconf 69' lang='lat' dir='ltr'><strong>latria]</strong></span> <span class='ocrx_word' id='word_1_474' title='bbox 699 4141 739 4201; x_wconf 76' lang='lat' dir='ltr'><strong>at,</strong></span> <span class='ocrx_word' id='word_1_475' title='bbox 761 4142 782 4191; x_wconf 90' lang='lat' dir='ltr'><strong>l.</strong></span> 
     </span>
    </p>
   </div>
   <div class='ocr_carea' id='block_1_5' title="bbox 0 0 1314 4740">
    <p class='ocr_par' dir='ltr' id='par_1_5' title="bbox 0 0 1314 4740">
     <span class='ocr_line' id='line_1_49' title="bbox 0 0 1314 4740; baseline 0 2"><span class='ocrx_word' id='word_1_476' title='bbox 0 0 1314 4740; x_wconf 95' lang='lat' dir='ltr'><strong> </strong></span> 
     </span>
    </p>
   </div>
  </div>
 </body>
</html>
