2618 4740
90 565 280 612 ..6666616
452 548 546 603 LIBER
564 548 641 602 XXV.
677 548 748 601 ctu.
766 551 807 602 26.
1113 547 1171 604 181

92 734 171 795 erat,
195 742 233 785 66
248 741 307 803 qua
322 721 358 781 ab
375 723 516 801 tergoris
538 723 666 783 hostium
683 722 711 782 in
728 738 826 783 arcem
843 731 963 800 accepta
979 720 1111 783 inclusos
1125 722 1172 783 in·

92 809 271 890 peditesque
286 807 443 869 moenibus
458 826 529 869 suos
544 806 686 868 turbaret.
717 805 913 867 Achradinam
930 805 999 866 iude
1015 805 1102 868 trinis
1123 825 1172 868 ca·
1195 816 1210 866 2

91 895 163 956 stris
178 911 233 973 per
248 893 354 954 idonea
370 893 519 972 dispositis
541 893 603 954 loca
627 910 680 970 spe
703 891 737 951 ad
761 891 892 971 inopiam
915 891 1047 951 omnium
1071 908 1171 954 rerum

93 979 226 1041 inclusos
241 979 430 1039 redacturum
453 977 650 1039 circumsedit.
682 994 749 1037 cum
772 993 826 1057 per
846 976 958 1053 aliquot
978 976 1042 1037 dies
1056 976 1173 1054 quietae
1195 985 1210 1034 6

93 1065 237 1126 stationes
252 1064 401 1141 utrimque
416 1063 558 1134 luissent,
574 1071 697 1142 repente
712 1061 855 1122 adventus
872 1060 1059 1140 Hippocratis
1075 1061 1169 1122 61111-

92 1149 239 1220 milconis,
255 1158 289 1208 ut
304 1148 382 1209 ultro
399 1147 530 1226 undique
543 1157 790 1227 oppugnarentur
802 1146 937 1218 Homani,
954 1147 1032 1206 lecit.
1060 1165 1129 1207 uam
1144 1155 1175 1207 et
1194 1154 1209 1205 4

94 1234 290 1314 Hippocrates
305 1234 410 1293 castris
426 1233 460 1294 ad
479 1251 619 1312 maguum
636 1242 755 1311 portum
771 1231 960 1292 communitis
975 1232 1121 1310 signoque
1137 1233 1173 1294 iis

93 1322 171 1391 dato,
184 1320 234 1398 qui
247 1318 444 1378 Achradinam
457 1318 609 1391 tenebant,
621 1326 716 1379 castra
728 1324 825 1376 vetera
837 1316 1040 1377 Romanorum
1051 1317 1173 1379 adortus

92 1414 145 1478 est,
161 1403 271 1482 quibus
286 1403 439 1482 Crispinus
455 1411 605 1482 praeerat,
628 1412 658 1462 et
674 1401 818 1480 Epicydes
840 1401 1028 1480 eruptionem
1044 1403 1074 1462 in
1091 1403 1173 1464 stati·

93 1508 166 1551 ones
184 1488 314 1550 Marcelli
330 1488 414 1560 fecit,
438 1498 467 1547 et
482 1488 582 1549 classis
598 1488 708 1548 Punica
725 1486 820 1558 litori,
837 1487 915 1564 quod
931 1486 1007 1547 iuter
1023 1486 1127 1547 urbem
1143 1499 1173 1551 et

92 1575 325 1636 castrallomana
339 1583 411 1645 erat,
424 1573 544 1652 adpulsa
556 1583 609 1642 est,
623 1592 660 1632 ne
673 1571 742 1650 quid
756 1570 881 1650 praesidi
891 1569 1027 1650 Crispino
1039 1572 1171 1634 submitti

92 1658 262 1720 allarcello
279 1667 386 1737 posset.
416 1658 573 1718 tumultum
589 1667 687 1717 tamen
701 1657 841 1716 maiorem
858 1655 958 1716 hostes
972 1655 1173 1734 praebuerunt
1194 1670 1209 1717 6

92 1761 180 1822 quam
192 1753 352 1805 certamen.
380 1761 447 1804 nam
465 1753 494 1802 et
506 1741 660 1822 Crispinus
672 1742 872 1822 Hippocraten
890 1758 951 1800 nou
964 1741 1094 1819 reppulit
1105 1751 1170 1804 tan-

91 1839 154 1889 tum
169 1848 188 1889 u
203 1828 410 1899 munimentis,
425 1826 476 1889 sed
493 1828 645 1888 insecutus
661 1828 746 1888 etiam
764 1835 809 1886 est
824 1825 938 1904 trepide
954 1825 1127 1905 fugientem,
1143 1840 1172 1889 et

93 1913 243 1994 Epicyden
261 1912 416 1974 Marcellus
438 1913 468 1973 iu
494 1911 598 1972 urbem
621 1912 774 1991 compulit
811 1912 940 1990 satisque
963 1910 1019 1971 iam
1036 1911 1123 1972 etiam
1139 1913 1169 1975 in
1192 1922 1208 1971 6

93 2007 244 2077 posterum
266 1997 420 2059 videbatur
436 1998 603 2077 provisum,
627 2016 665 2058 ne
680 1996 751 2076 quid
766 1996 802 2056 ab
820 1996 983 2077 repentinis
999 2015 1103 2058 eorum
1119 2017 1170 2059 ex·

92 2083 281 2144 cursionibus
297 2083 420 2162 periculi
444 2084 529 2143 loret.
567 2083 690 2143 accessit
711 2092 741 2143 et
762 2081 799 2141 ab
822 2081 990 2160 pestilentia
1012 2101 1171 2145 commune
1194 2088 1208 2136 'l

92 2168 211 2241 malum,
227 2169 307 2247 quod
323 2169 407 2229 facile
420 2176 614 2247 utrorumque
630 2168 745 2228 animos
760 2176 905 2228 averteret
921 2186 936 2227 a
949 2167 1016 2229 belli
1029 2168 1169 2231 consiliis.

92 2271 158 2313 uam
172 2263 306 2333 tempore
319 2254 452 2314 autumni
465 2263 494 2312 et
505 2253 577 2313 locis
586 2261 690 2313 natura
702 2251 849 2330 gravibus,
862 2252 955 2313 multo
967 2263 1065 2314 tamen
1080 2255 1172 2332 magis

91 2347 172 2399 extra
195 2339 299 2399 urbem
317 2356 404 2416 quam
428 2338 458 2398 in
478 2337 561 2410 urbe,
585 2337 769 2399 intoleranda
793 2337 834 2397 vis
849 2349 946 2400 aestus
971 2357 1022 2417 per
1045 2349 1170 2420 utraque

91 2431 183 2484 castra
200 2423 333 2483 omnium
358 2424 448 2483 lerme
469 2440 595 2501 corpora
611 2423 710 2482 morit.
740 2441 774 2483 ac
796 2422 892 2501 primo
909 2425 1050 2503 temporis
1065 2443 1099 2485 ac
1114 2427 1169 2488 loci
1192 2426 1207 2477 ⁸

90 2508 160 2569 vitio
175 2518 205 2568 ct
227 2508 306 2587 aegri
321 2517 407 2568 eraut
429 2516 458 2567 et
473 2507 692 2579 moriebantur;
716 2517 817 2584 postea
839 2509 952 2568 curatio
972 2510 1034 2587 ipsa
1050 2521 1079 2570 et
1095 2529 1169 2571 con-

92 2602 188 2654 tactus
208 2610 364 2672 aegrorum
381 2591 515 2670 volgabat
530 2590 665 2663 morbos,
681 2602 715 2652 ut
730 2602 780 2651 aut
795 2591 922 2669 neglecti
937 2594 1104 2689 desertique
1120 2598 1170 2673 qui

93 2678 267 2739 incidissent
277 2687 476 2749 morerentur
489 2686 539 2737 aut
549 2676 710 2737 adsidentis
721 2677 912 2754 curantisque
924 2678 1024 2738 eadem
1038 2697 1063 2737 ιι
1056 2679 1169 2741 morbi

95 2794 182 2859 661664
199 2793 325 2845 hatte·
291 2809 375 2842 -ne
393 2809 464 2858 666
475 2793 608 2859 .·]Epexe
658 2793 736 2857 6666
756 2794 804 2854 ert]
827 2787 906 2857 ’16646
924 2792 979 2843 sich
1005 2809 1036 2844 66
1055 2794 1152 2847 das..

93 2876 153 2927 6666
176 2876 206 2913 nu
233 2877 288 2911 una
316 2876 394 2920 curru
423 2877 442 2912 s
467 2862 509 2924 32,
532 2862 607 2912 6.-
660 2858 1169 2922 (166661161616166661661166;6.66

93 2931 126 2980 66
144 2931 231 2993 tergo]
249 2928 328 2980 durch
348 2929 418 2980 66166
432 2928 550 2994 61611666
562 2930 606 2979 At·
660 2930 702 2990 21,
715 2929 755 2990 60,
769 2929 798 2985 2;
817 2928 858 2979 616
870 2926 991 2995 ’1666666
1006 2902 1107 2982 rrerd'eu
1126 2946 1170 2996 66·

94 2997 175 3048 tribul
192 2996 340 3078 geworden,
351 3022 383 3041 ==
397 2999 429 3046 ah
448 3001 525 3061 tergo
537 3002 607 3050 ortu,
660 2996 754 3047 landet.

92 3059 607 3127 -6ι·6]’1166ι666166114’;6.26,4;’1,
693 3066 716 3119 6
735 3067 939 3128 4666116616.
958 3069 1032 3128 661,
1051 3068 1092 3127 46,
1111 3068 1135 3118 3.

93 3134 133 3191 26,
152 3135 177 3184 9,
694 3134 716 3182 l.
747 3132 796 3181 ab*
824 3103 1171 3196 pestiten1h1³veranlatsr

127 3201 151 3251 2.
169 3201 363 3263 Achradinam]
395 3199 433 3250 uls
464 3198 606 3250 besondere
658 3198 746 3261 durch,
764 3197 878 3264 inlolgeh
898 3215 919 3250 s.
938 3203 979 3264 39,
998 3205 1028 3262 9;
1047 3205 1115 3265 663,
1131 3207 1170 3266 16,

92 3265 219 3332 l'estung;
247 3283 267 3321 6.
291 3269 332 3329 24,
352 3269 393 3329 32,
412 3270 496 3319 6.-
524 3270 606 3318 trinis
659 3271 881 3331 l-eommuno]
893 3269 1003 3321 welches
1015 3268 1170 3322 berde'l'erle

92 3337 199 3398 catria]
224 3336 265 3387 die
291 3350 322 3385 an
342 3335 386 3386 der
406 3335 542 3387 Westseite
561 3335 606 3385 der
658 3336 683 3385 in
708 3334 834 3417 61616666
845 3335 931 3387 Weiss
955 3338 1072 3389 1666-
1099 3339 1172 3404 quod

92 3403 233 3455 Achradina
258 3418 309 3454 ron
334 3403 378 3454 der
397 3401 542 3454 Nordln‘iste
567 3403 606 3455 bis
657 3398 893 3466 [661.16.]’666
921 3404 1000 3456 leicht
1025 3406 1169 3468 (wohl)..

91 3485 123 3522 66
142 3469 191 3521 den
210 3470 439 3522 lsthmusverteilt
456 3470 606 3522 seiulronn·
658 3470 755 3522 lronnte
783 3465 997 3553 (6661666661.
1024 3476 1065 3554 24,
1084 3476 1126 3534 36,
1145 3478 1169 3526 ’1.

94 3545 151 3604 166,
171 3541 277 3602 6,,.369
299 3541 452 3604 12--6661
471 3554 493 3590 s.
507 3542 530 3600 6,
544 3541 568 3602 9,
581 3541 605 3590 9.
658 3567 691 3578 -
714 3541 855 3603 grauibus]
880 3534 1048 3605 ‘',ongesund
1079 3541 1170 3605 6616661

94 3635 124 3643 -
143 3608 180 3656 ad
202 3610 341 3672 inopiam.
355 3611 374 3671 l
399 3608 450 3672 661.
471 3609 512 3670 23,
530 3609 606 3658 2.-
658 3606 904 3673 auchnutempore;
924 3611 1027 3688 6613·
1040 3610 1082 3669 31,
1094 3611 1169 3672 23,2.

91 3673 275 3736 redacturum]
293 3675 360 3727 ohne
384 3692 425 3733 66,
451 3677 502 3740 vgl.
525 3677 562 3738 16,
581 3677 605 3728 6.
657 3702 692 3713 -
718 3681 796 3725 satra
816 3675 953 3742 urbaml'
947 3693 972 3727 ro
999 3675 1045 3727 der
1067 3646 1170 3742 dompr-

126 3745 149 3793 4.
168 3758 296 3809 66666666
313 3738 460 3810 portum]
455 3758 488 3792 rm
507 3742 605 3808 66666-
675 3742 756 3808 66666
783 3758 822 3794 am
842 3747 954 3810 Anapus,
983 3744 1102 3796 6116666
1128 3745 1170 3797 die

91 3814 146 3861 sata
173 3825 204 3861 66
230 3811 288 3861 dem
310 3816 407 3876 portus
433 3810 546 3861 Larcius
573 3826 605 3861 66
657 3757 740 3873 §tadu
771 3810 911 3863 besonders
943 3812 1073 3897 6616616,
1090 3813 1169 3866 ludher

91 3875 604 3939 66606166166616661,6616116466
658 3877 712 3944 166;
731 3880 932 3960 6.,2434,4.-
955 3875 1170 3944 666614]ἰιίι646

91 3947 195 4011 6661666
214 3946 294 3997 Halen
314 3947 407 3997 bellich
428 3947 605 4012 66666666-
657 3918 892 4028 (666616111616161
913 3963 932 3998 s.
952 3948 993 4010 21,
1012 3952 1053 4010 39,
1072 3951 1096 4001 2

91 4016 189 4076 semul
212 4029 233 4067 s.
252 4017 293 4075 24,
313 4016 353 4076 33,
373 4017 446 4066 3.-
468 4014 605 4079 Crispinus
691 4015 715 4066 6
735 4017 813 4077 ultio}
823 4009 901 4071 (nur)
911 4015 989 4066 durch
999 4015 1171 4067 dieverderb

89 4084 263 4144 praeeratls.
284 4084 325 4145 24,
344 4084 384 4143 39,
400 4084 481 4133 12-
499 4084 604 4132 inter..
657 4079 944 4134 licheHeschaHenheit’
947 4083 1168 4149 ,oderrllgemeio

90 4152 160 4213 mr]
171 4148 226 4202 also
237 4150 367 4201 nwrschen
378 4148 529 4212 Achradina
540 4148 605 4200 Nea·
656 4150 829 4215 -culprc-
799 4121 989 4214 c-rrntactiu]
1007 4150 1058 4217 661.
1070 4154 1093 4213 3,
1104 4153 1128 4215 6,
1140 4153 1169 4203 3;

92 4217 160 4285 potis
182 4217 234 4269 und
258 4219 315 4270 dem
335 4217 605 4285 Olympium—od·
656 4188 1169 4282 66646666,-16614166664166616
