2618 4740
177 500 238 560 106
541 492 635 547 llBlill
653 491 732 546 xxx.
748 490 822 546 021).
843 492 885 546 12.
1114 520 1138 553 ι
1151 510 1263 555 2251,

138 688 154 736 a
174 692 246 754 rege
261 672 369 734 amisso
385 665 544 730 multitudo
558 684 592 729 se
611 664 789 728 contulerat.
818 662 973 727 Masinissa
996 663 1056 727 sibi
1079 664 1205 745 quidem
1224 664 1264 727 di-

176 777 245 822 cere
261 756 335 819 nihil
350 773 415 816 esse
431 753 461 814 in
479 751 648 833 praesentia
664 748 821 832 pulchrius
834 766 925 829 quam
939 749 1092 814 rictorem
1108 768 1265 833 recupera-

176 854 239 907 tum
255 851 338 904 tanto
353 849 422 920 post
436 837 592 900 intervallo
606 836 735 918 patrium
751 834 880 897 invisere
901 852 1052 916 ragnum3
1075 836 1133 899 sed
1149 846 1210 899 tarn
1223 854 1265 899 sa·

139 942 153 991 't
176 927 293 1000 cundia,
308 941 398 1005 quam
413 924 543 986 adversis
557 921 648 985 rebus
663 940 726 984 non
740 918 805 981 dari
825 919 954 1002 spatium
968 918 1008 982 ad
1023 922 1218 985 canadam.
1243 922 1265 983 si

176 1033 209 1076 se
225 1010 342 1074 Laelius
364 1027 434 1072 cunr
456 1007 588 1088 equitatu
610 1007 771 1086 vinctoque
793 1004 929 1087 Syphace
950 1004 1065 1069 Cirtam
1089 1006 1266 1089 praecedam

177 1098 264 1171 sinat,
281 1094 395 1175 trepida
411 1094 510 1155 omnia
526 1103 607 1155 metu
621 1111 653 1155 sa
669 1108 898 1173 oppressurum
912 1090 1051 1154 Laelium
1065 1110 1141 1155 cunr
1164 1092 1265 1175 pediti·

140 1194 155 1243 s
177 1183 234 1245 bus
247 1179 390 1260 subsequi
405 1178 530 1241 modicis
554 1175 713 1241 itineribus
727 1194 828 1257 posse.
855 1175 1047 1239 adsentienti
1061 1176 1172 1241 Laelio
1184 1194 1265 1259 prae·

178 1284 300 1349 gressus
311 1264 420 1327 Cirtam
432 1263 547 1326 evocari
558 1261 594 1325 ad
607 1261 800 1342 conloquium
813 1260 966 1343 principue
977 1260 1170 1327 Cirtensium
1182 1260 1265 1326 iulet

178 1352 230 1416 sed
246 1351 325 1432 apud
339 1350 461 1430 ignaros
476 1348 555 1429 regis
577 1366 664 1411 casus
687 1365 755 1421 ncc,
778 1363 854 1427 quae
875 1354 940 1409 acta
962 1356 1077 1421 essem,
1103 1346 1265 1429 promendo

179 1456 237 1501 uec
258 1436 349 1499 minis
371 1453 428 1497 nec
449 1431 602 1497 suadendo
624 1442 695 1495 ante
717 1430 815 1506 valuit,
839 1448 928 1511 quam
942 1448 996 1493 rex
1011 1432 1138 1497 rinctus
1152 1434 1184 1497 in
1199 1451 1264 1497 con

141 1532 157 1584 9
177 1532 314 1604 spectum
329 1521 415 1583 datus
429 1527 484 1581 est.
510 1527 573 1580 tum
588 1517 625 1579 ad
639 1515 841 1599 spectaculum
856 1525 916 1578 tam
931 1516 1056 1579 loedum
1071 1518 1264 1601 comploratio

180 1618 254 1681 orta,
265 1616 296 1670 et
307 1605 415 1687 partim
427 1622 537 1684 pavore
548 1604 666 1666 moenia
677 1612 749 1666 sunt
759 1601 885 1677 deserta,
897 1602 1006 1682 partim
1019 1604 1189 1683 repentino
1199 1622 1264 1666 con·

129 1702 158 1753 tu
179 1710 272 1756 sensu
286 1691 410 1772 gratiam
425 1688 504 1770 apud
520 1689 665 1752 rictorem
688 1687 896 1769 quaerentium
910 1687 1078 1767 patefactae
1095 1698 1215 1769 portae.
1240 1700 1265 1750 et

180 1777 334 1840 Masinissa
348 1774 495 1857 praesidio
511 1775 591 1837 circa
606 1784 708 1855 portas
720 1781 949 1853 opportunaque
964 1773 1126 1837 moenium
1140 1774 1264 1845 mulso,

180 1881 219 1925 ne
241 1862 289 1924 cui
311 1863 399 1942 lupae
421 1868 536 1942 pateret
551 1861 658 1936 exitus,
680 1858 716 1922 ad
730 1858 843 1940 regiam
864 1856 1069 1939 occupandam
1086 1859 1183 1923 citato
1195 1858 1265 1921 radit

179 1966 196 2009 e
219 1967 268 2010 uo.
704 1998 707 2005 .

129 2042 156 2093 11
198 1967 217 2027 q
266 2030 392 2093 lutranti
404 2030 582 2092 vestibulum
596 2030 626 2091 in
639 2030 705 2110 ipso
715 2028 819 2091 limine
830 2026 1015 2108 Sophoniba,
1025 2046 1109 2091 uxor
1120 2029 1265 2111 Spplrac's

180 2116 240 2179 ulia
256 2113 447 2177 Hasdrubalis
462 2114 565 2190 Poeni,
589 2114 721 2176 occurrit
734 2123 774 2187 et,
789 2130 857 2175 cum
872 2112 904 2174 in
919 2112 1018 2174 medic
1034 2115 1160 2192 agmine
1175 2132 1265 2177 mma·

179 2212 279 2263 torum
295 2199 478 2261 Masinissam
499 2200 648 2280 insignem
670 2217 739 2261 curu
754 2198 857 2272 armis,
879 2205 942 2259 tum
957 2207 1060 2260 cetero
1076 2198 1185 2264 habitu
1198 2220 1265 2262 con-

180 2286 334 2367 spexisset,
355 2302 456 2364 regem
476 2304 552 2357 esse,
572 2286 600 2347 id
617 2285 697 2363 quod
711 2293 784 2359 erat,
801 2292 873 2357 rata,
892 2281 1021 2362 genibus
1035 2283 1179 2348 aduoluta
1194 2287 1264 2349 eius:

130 2383 157 2433 12
176 2366 291 2434 ‘omnia
306 2369 425 2449 quidem
446 2380 478 2431 ut
493 2389 596 2450 posses
611 2370 641 2431 in
660 2369 762 2445 nobis}
781 2368 810 2431 di
825 2368 974 2430 dederunt
988 2368 1149 2450 virtusque
1164 2383 1193 2433 ct
1208 2372 1265 2433 leli·

181 2459 254 2520 citas
269 2467 335 2529 tua;
354 2456 405 2518 sed
428 2455 452 2516 si
468 2457 599 2536 captivae
614 2455 693 2535 apud
708 2455 862 2517 domiuum
879 2454 954 2514 vitae
970 2455 1118 2533 necisque
1134 2476 1206 2519 suae
1220 2475 1265 2516 ro·

179 2610 258 2694 ltingt
276 2623 328 2660 aon
340 2607 483 2659 dimidium
496 2609 553 2656 elus
571 2601 694 2671 (halbso-
746 2613 829 2671 capte,
848 2605 898 2656 wie
916 2608 958 2655 ira
976 2620 1045 2671 equo
1064 2605 1106 2656 bei
1135 2605 1263 2659 lliclrterm

178 2677 253 2740 viel)
272 2676 316 2735 ab;
335 2674 387 2741 agl.
407 2676 449 2737 21,
461 2678 503 2735 59,
517 2676 541 2727 8.
746 2674 798 2740 agl.
817 2688 849 2725 an
867 2677 895 2737 1,
908 2675 951 2737 38,
963 2674 988 2725 t.

212 2748 236 2798 d.
256 2744 354 2810 dicare]
379 2743 456 2797 niml.
482 2742 583 2794 Laelio.
602 2768 636 2781 -
653 2758 694 2792 ra·
784 2746 822 2794 ll.
857 2741 1027 2805 vocobulum]
1063 2742 1106 2793 eiu
1145 2741 1263 2795 lr'omnn

178 2828 211 2864 ou
231 2815 384 2875 eratum1s.
405 2813 486 2873 11,1.
510 2839 542 2848 -
564 2811 695 2875 patrium]
747 2809 877 2861 zwisclreu
915 2808 1013 2860 Stralse
1048 2808 1103 2861 und
1141 2809 1264 2863 llaustldr

178 2829 502 2947 1331123331-
521 2878 695 2929 secundis..
746 2882 787 2941 (so
806 2878 831 2929 in
850 2877 1263 2946 lloua;s.2,dd‚2).—Scple

178 2953 265 3013 mous]
284 2964 305 3002 s.
324 2964 356 2999 au
376 2949 416 3010 22,
429 2949 470 3010 31,
483 2948 508 2998 3.
527 2974 560 2984 -
578 2948 696 3011 spatium
747 2947 823 3008 nida]
841 2944 883 2997 bei
903 2944 949 2996 llio
962 2944 1068 2997 Cassius
1086 2946 1142 2998 und
1156 2947 1261 3000 Zonaras

179 3019 216 3070 cd
232 3017 398 3079 musandum]
417 3031 437 3067 a
456 3017 498 3078 21,
512 3016 552 3076 25,
569 3017 609 3066 10.
746 3015 827 3066 lautet
845 3013 890 3065 der
903 3013 982 3066 Nauae
996 3014 1137 3083 Σοφωνίσ.
1166 3016 1261 3083 Appian

213 3088 237 3138 8.
257 3086 464 3147 carceralem
483 3084 531 3147 21,
551 3084 596 3143 25,
616 3085 694 3134 ’1.-
745 3081 844 3134 erailrlt
862 3081 911 3134 deu
930 3080 1049 3147 llerqanp
1068 3082 1111 3134 bei
1132 3070 1190 3136 doe
1221 3083 1263 3134 alra

179 3152 303 3217 ignaros]
322 3166 343 3203 s.
361 3167 393 3203 au
411 3150 465 3217 53.
483 3179 517 3189 -
535 3152 653 3214 uinctus]
672 3166 694 3203 s.
745 3150 790 3201 der
809 3148 883 3202 Stadt
901 3153 983 3201 etwas
1006 3148 1116 3211 audersr
1141 3151 1190 3204 das
1220 3150 1264 3203 'er-

179 3221 339 3283 21,51,11.
358 3247 390 3256 -
410 3219 489 3268 datur
511 3221 559 3282 est]
578 3234 600 3271 s.
618 3234 650 3270 aa
669 3221 694 3284 3,
745 3218 853 3281 hiltuis,
878 3218 905 3269 in
927 3216 985 3269 deur
1010 3217 1049 3269 sie
1068 3217 1137 3271 nacla
1157 3219 1263 3272 anderen

178 3289 220 3350 69,
232 3291 260 3348 3;
279 3286 330 3352 vgl.
350 3300 380 3337 aa
400 3288 441 3348 21,
454 3288 495 3348 ut,
511 3290 552 3339 11.
747 3284 949 3338 Schriltstelleru
972 3284 1059 3337 irdlrer
1077 3301 1110 3338 aa
1130 3285 1263 3341 Masinissa

213 3359 237 3409 9.
257 3353 444 3420 comploratio]
470 3354 519 3405 wie
537 3354 601 3406 uber
619 3356 693 3406 einen
746 3352 888 3420 gastandan
908 3354 950 3405 ltat
968 3352 1032 3420 (rql.
1044 3352 1159 3407 lliodor:
1180 3358 1265 3425 ,loqu

177 3423 276 3491 Toteu3
294 3438 314 3476 s.
336 3426 358 3484 1,
372 3425 414 3487 dl,
427 3424 453 3473 5.
470 3451 504 3461 -
524 3438 654 3474 consuram
667 3459 694 3477 ..
746 3427 815 3488 νίβα
832 3424 848 3487 ἡ
867 3426 1005 3490 πρότερον
1021 3424 1077 3487 ptr
1094 3422 1265 3476 Mauram·

178 3493 375 3558 quaerentium]
394 3490 490 3557 iulolge
510 3489 555 3542 der
573 3479 694 3543 [111111111-
747 3508 795 3556 op,
817 3493 889 3556 μετὰ
913 3485 942 3541 tt
966 3496 1054 3541 sadra
1078 3497 1265 3559 συνοικήσασα

178 3561 318 3624 stiuamung
341 3558 387 3610 der
406 3559 507 3624 Patrai,
531 3558 631 3611 welche
650 3600 656 3613 .
675 3579 694 3619 .;
747 3560 868 3628 Σῠφακι,
892 3561 925 3609 τὸ
947 3553 978 3609 tt
1001 3554 1166 3613 seleucum
1186 3558 1265 3613 redia-

177 3643 209 3679 au
228 3629 413 3693 quaerentium
432 3628 486 3694 vgl.
507 3629 591 3695 16‚a;
611 3628 694 3691 9,13,
746 3630 784 3678 sla
811 3631 968 3692 συμβίωσιν
993 3622 1119 3678 ἐλθοῦσα
1145 3626 1195 3681 διὰ
1220 3634 1266 3695 alr·

180 3700 207 3756 l;
226 3697 361 3759 22,’1,12.
747 3678 937 3761 clxualaroluv
972 3696 1012 3760 aqi
1047 3693 1266 3765 Muauuvdongt

215 3766 254 3818 10.
273 3765 347 3814 circa
363 3766 468 3829 portas]
492 3765 563 3829 riugs
586 3777 619 3814 an
643 3762 693 3814 alle
744 3764 846 3815 scheiut
873 3763 960 3814 lisias
986 3762 1058 3814 nicht
1089 3764 1212 3829 gehannt
1237 3782 1266 3819 aa

177 3832 270 3886 Thore.
288 3861 323 3871 -
341 3837 494 3898 opportuna
509 3834 653 3894 macutum]
672 3847 692 3885 s.
745 3831 841 3893 habam
862 3831 914 3897 uql.
934 3832 976 3896 29,
987 3832 1029 3893 23,
1041 3830 1066 3883 3.

179 3905 220 3965 25,
232 3906 274 3966 30,
287 3904 316 3961 5;
335 3902 443 3963 23,12,
456 3904 485 3961 3,
508 3899 550 3951 die
572 3899 614 3950 ein
632 3898 693 3950 Ent-
781 3901 821 3954 12.
839 3902 930 3951 omnia
948 3935 956 3951 .
974 3902 992 3962 .l
1010 3898 1079 3951 oltne
1098 3902 1207 3969 iuquit,
1225 3904 1267 3956 op

178 3969 299 4022 lsommen
311 3964 693 4035 baudastigendenstellender
744 3968 828 4033 gleiclr
852 3972 878 4019 at
896 3966 1065 4033 recurreno
1090 3983 1114 4022 s.
1133 3984 1169 4023 au
1190 3976 1268 4031 3,11.

177 4035 291 4091 Manena.
303 4066 337 4076 -
349 4041 433 4088 citato
450 4038 528 4102 equo]
546 4035 580 4087 ist
599 4035 692 4088 nihere
745 4039 791 4098 12;
811 4035 864 4103 rgl.
885 4037 925 4097 18,
937 4037 965 4097 3ς
984 4037 1025 4099 aa,
1040 4038 1063 4098 1,
1077 4038 1103 4089 8.
1122 4044 1205 4093 —ira
1225 4058 1268 4092 ao·

178 4103 354 4171 Bestirnmuuq
366 4121 416 4156 von
430 4104 513 4165 cadit,
526 4098 565 4155 ‘er
577 4103 638 4169 geht
652 4104 692 4156 los
743 4106 792 4167 dir]
811 4120 832 4156 s.
851 4108 894 4170 25,
907 4107 953 4164 tus
970 4120 987 4155 v
1006 4104 1022 4155 Ι.
1041 4106 1111 4168 3,1;
1126 4110 1153 4169 5,
1170 4114 1211 4165 11,
1226 4112 1268 4165 ld:

177 4165 249 4233 aul’r
262 4174 332 4225 nlclrt
344 4173 383 4225 als
395 4173 429 4226 ob
443 4188 500 4225 tnau
514 4172 611 4223 eadm
624 4188 691 4239 aquo
744 4174 851 4237 29,16,
865 4177 889 4227 5.
907 4200 942 4212 -
958 4171 987 4235 [ο
998 4175 1088 4236 icitur]
1109 4176 1268 4231 wiederltolt
