2618 4740
155 499 194 558 88
503 496 597 550 LIBER
616 496 710 550 XXIIII.
748 496 819 552 cnl’.
838 499 879 550 38.
1080 523 1101 555 s.
1116 523 1138 557 u.
1153 523 1174 557 c.
1187 515 1233 557 litt.

153 673 213 734 huc
234 688 354 744 sumus3
378 671 426 731 cui
442 669 582 749 quoniam
606 687 710 749 parum
731 669 878 742 succedit,
901 677 1003 749 aperte
1024 687 1059 730 ac
1081 669 1233 749 propalam

155 759 249 820 clares
266 765 417 836 portarum
434 764 614 834 reposcunt;
637 771 710 833 quas
732 753 820 815 simul
842 753 1059 827 tradiderimus,
1083 753 1234 834 Carthagi·

157 843 304 904 niensium
312 839 458 920 extemplo
469 840 574 901 Henna
586 839 652 913 erit,
665 839 838 917 foediusque
850 839 898 900 hic
909 838 1134 912 trucidabimur,
1146 858 1235 919 quam

119 944 134 991 s
156 926 338 1005 Murgantiae
355 925 533 1006 praesidium
548 925 737 985 interiectum
754 934 808 985 est.
843 933 962 985 noctem
985 943 1074 986 unam
1097 943 1185 1004 aegre
1199 926 1235 985 ad

157 1012 385 1074 consultandum
402 1010 524 1089 sumpsi,
547 1028 604 1088 qua
621 1028 671 1070 ros
687 1009 828 1070 certiores
849 1009 974 1089 periculi
995 1009 1134 1071 instantis
1156 1010 1235 1072 lace-

157 1116 229 1157 rem.
263 1105 328 1156 orta
350 1096 415 1157 luce
438 1095 608 1156 contionem
632 1093 761 1155 habituri
784 1095 911 1155 suntad
941 1095 1158 1155 criminandum
1189 1113 1234 1156 me

119 1194 134 1242 o
156 1181 429 1260 concitandumque
445 1180 475 1240 in
493 1199 543 1241 vos
559 1179 712 1260 populum.
746 1179 845 1257 itaque
860 1179 991 1240 crastino
1007 1179 1054 1240 dic
1070 1189 1121 1240 aut
1137 1190 1234 1241 vestro

156 1277 207 1326 aut
223 1266 430 1327 Hennensium
445 1265 590 1343 sanguine
601 1264 708 1325 Henna
727 1262 930 1325 inundabitur.
958 1283 1013 1325 nec
1026 1265 1235 1345 praeoccupati

156 1370 240 1430 spem
266 1351 354 1412 uHam
378 1368 434 1412 nec
457 1359 638 1430 occupantes
661 1348 785 1429 periculi
807 1349 964 1427 quicquam
994 1348 1149 1411 hahebitis.
1182 1349 1234 1429 qui

120 1448 135 1497 u
156 1437 241 1516 prior
255 1436 409 1497 strinxerit
423 1437 553 1510 lerrum,
577 1435 640 1495 eius
663 1433 782 1495 victoria
805 1435 871 1494 erit.
905 1435 1012 1495 intenti
1035 1452 1107 1513 ergo
1131 1452 1235 1496 omues

156 1520 320 1600 armatique
343 1520 460 1599 signum
483 1519 684 1600 expectabilis.
719 1537 774 1597 ego
794 1518 824 1579 in
841 1519 982 1579 contione
997 1537 1048 1579 ero
1064 1529 1093 1580 et
1108 1528 1234 1599 tempus,

120 1615 134 1663 r
156 1607 254 1685 quoad
267 1606 364 1667 omnia
379 1605 524 1666 instructa
534 1606 604 1680 sint,
616 1603 767 1683 loquendo
780 1602 1009 1683 altercandoque
1020 1605 1144 1665 traham.
1167 1622 1235 1665 cum

157 1699 225 1770 toga
240 1691 358 1770 signum
375 1690 494 1765 dedero,
521 1699 582 1752 tum
597 1689 669 1750 mihi
686 1688 818 1766 undique
833 1689 962 1749 clamore
977 1688 1093 1749 suhlato
1116 1689 1234 1751 turham

157 1776 285 1837 inuadite
301 1793 334 1837 ac
348 1776 472 1837 sternite
488 1775 587 1836 omnia
603 1776 682 1835 terro
698 1782 727 1834 et
741 1782 841 1834 cavete
852 1774 1006 1852 quisquam
1023 1774 1163 1853 supersit,
1183 1793 1235 1835 cu·

120 1867 135 1918 8
157 1861 203 1922 ius
218 1871 269 1921 aut
284 1861 326 1920 vis
341 1869 391 1920 aut
406 1862 487 1920 lraus
503 1860 598 1920 timeri
617 1859 719 1938 possit.
753 1877 821 1929 vos,
838 1858 926 1919 Ceres
948 1869 1042 1920 mater
1062 1876 1097 1919 ac
1113 1858 1235 1920 Proser·

156 1947 236 2024 pina,
253 1962 370 2023 precor,
387 1944 478 2004 ceteri
490 1945 591 2022 superi
602 1943 773 2021 internique
785 1943 823 2015 di,
840 1944 890 2022 qui
903 1944 979 2004 hanc
991 1943 1105 2017 urbem,
1121 1945 1176 2005 hos
1188 1964 1234 2006 sa·

157 2037 254 2089 cratos
270 2028 351 2088 lacus
366 2027 508 2106 lucosque
525 2028 629 2100 colitis,
647 2036 678 2088 ut
694 2029 733 2088 ila
747 2027 832 2088 nohis
844 2028 976 2090 volentes
992 2028 1112 2109 propitii
1124 2030 1234 2103 adsitis,

119 2120 134 2170 9
156 2114 180 2174 si
189 2113 334 2184 vitandae,
352 2131 413 2172 non
427 2112 601 2172 inserendae
616 2112 1151 2194 fraudiscausahoocnusilicapimus.
1167 2115 1235 2194 plu·

158 2197 242 2258 ribus
252 2215 314 2269 vos,
331 2196 447 2270 milites,
463 2197 608 2271 hortarer,
620 2198 644 2257 si
656 2216 723 2258 cum
736 2199 856 2258 armatis
868 2198 1015 2259 dimicatio
1029 2200 1129 2260 lutura
1141 2207 1234 2273 essem

157 2283 295 2354 inermes,
313 2282 448 2342 incautos
465 2282 499 2341 ad
515 2283 677 2343 satietatem
694 2282 894 2354 trucidabitis;
911 2283 1081 2344 etconsulis
1093 2294 1188 2346 castra
1204 2285 1234 2345 in

157 2367 328 2447 propinquo
341 2376 420 2439 sunt,
435 2386 472 2428 ne
485 2367 554 2445 quid
567 2366 603 2426 ah
616 2366 783 2428 Himilcone
795 2376 824 2427 et
836 2367 1127 2447 Carthaginiensibus
1138 2368 1235 2430 timeri

157 2535 198 2594 di;
227 2535 279 2599 rgl.
299 2551 330 2587 zu
357 2537 396 2598 19,
409 2536 432 2586 6.
459 2563 492 2570 -
520 2540 612 2601 aperie
638 2551 671 2584 ae
721 2534 817 2585 Sicilia
834 2535 1235 2601 prioatimacpnbliearaliglo

154 2604 317 2669 propalam.
331 2605 347 2665 .]
368 2618 387 2654 s.
408 2604 449 2666 25,
462 2606 485 2654 4.
722 2606 761 2651 est
779 2602 882 2653 Cereris
901 2604 1054 2664 Hennensis,
1079 2618 1128 2654 neo
1149 2605 1236 2655 salam

191 2674 214 2722 4.
234 2687 333 2735 aegra.
346 2708 352 2722 .
365 2669 482 2738 sumpsi]
494 2671 535 2722 ich
545 2671 610 2723 habe
622 2671 670 2722 mir
723 2669 816 2730 simii,
829 2685 922 2720 ueram
934 2674 1015 2721 etiam
1027 2674 1133 2721 ceterae
1141 2677 1236 2736 gentes

157 2738 239 2802 gehen
258 2740 351 2802 tarsen,
378 2739 439 2790 aher
463 2754 510 2789 nur
528 2740 575 2791 mil
593 2737 669 2790 mune
722 2737 884 2787 Hennensem
899 2739 1018 2790 Cererem
1037 2743 1116 2789 unica
1134 2738 1235 2791 colunt.

157 2804 268 2869 erlangl;
282 2820 302 2856 e.
315 2808 338 2867 2,
349 2809 373 2867 4,
384 2808 412 2856 3:
425 2810 544 2870 spatium
555 2823 670 2873 sumpse·
721 2834 749 2842 -
761 2804 986 2870 inferniqae1hier
997 2805 1235 2868 besondersl‘lnlor

155 2875 228 2922 runt.
722 2888 752 2924 zu
773 2872 909 2933 infernis.
925 2879 964 2938 tu,
978 2877 1019 2936 28,
1035 2877 1078 2935 16;
1098 2876 1138 2938 28,
1152 2876 1193 2938 22,
1204 2879 1234 2933 9;

191 2934 668 3004 5.praeoccupati]‘wennmaueuch
721 2956 752 2992 zu
772 2943 813 3003 31,
831 2944 872 3003 30,
890 2946 914 2993 4.
948 2971 977 2978 -
1006 2944 1080 2993 lacus
1100 2943 1234 3008 lucosque]

156 3001 359 3065 surorlrommt’;
397 3007 466 3057 nicht
503 3008 668 3061 verschiedeu
720 3007 1232 3076 Illitteratiomszu15,4;rgl.0ie.

157 3074 262 3126 hiervon
282 3074 316 3125 ist
335 3073 381 3124 das
401 3073 521 3139 iolgeude
535 3092 668 3141 occupan-
721 3091 743 3127 a.
761 3091 784 3127 a.
798 3074 838 3129 0.:
868 3093 948 3143 qnam
972 3079 1136 3143 (planitiem)
1161 3082 1235 3130 eirea

157 3148 203 3208 les,
223 3141 336 3193 welches
354 3157 384 3192 an
404 3158 428 3193 u.
448 3142 485 3195 St.
505 3144 551 3195 des
569 3144 668 3210 Gegeu·
720 3144 795 3195 lacus
814 3145 919 3210 lucique
936 3151 999 3196 sunl
1017 3146 1132 3211 plurimi
1155 3151 1235 3213 atque

155 3217 239 3262 salnes
260 3223 350 3274 surgen
368 3210 472 3262 absolut
495 3214 572 3276 steht,
599 3214 668 3265 uih-
720 3213 862 3264 laetissimi
878 3216 959 3276 flores
971 3217 1045 3265 omni
1058 3220 1174 3281 temporo
1186 3231 1234 3266 an·

156 3279 218 3329 reud
238 3292 266 3328 es
285 3285 358 3330 sonst
370 3279 417 3329 mit
429 3278 486 3330 dem
499 3280 545 3332 lui.
558 3282 668 3332 verbun-
720 3285 757 3333 ni.
776 3310 809 3317 -
828 3282 939 3345 colitis*]
958 3298 979 3334 s.
999 3298 1029 3334 zu
1045 3285 1068 3346 3,
1082 3286 1109 3335 2:
1129 3284 1233 3334 hadita-

156 3345 204 3397 den
216 3361 247 3395 zu
259 3345 362 3397 werden
376 3346 470 3412 pllegl;
489 3363 551 3399 sau
568 3352 667 3412 1,14,4.
721 3350 809 3400 datar.
833 3378 866 3387 —
890 3355 929 3400 ita
944 3388 950 3401 .
964 3388 970 3401 .
983 3351 1021 3415 si]
1041 3366 1062 3403 e.
1081 3366 1112 3401 zu
1133 3354 1173 3414 16,
1195 3353 1233 3403 13.

156 3442 188 3451 -
206 3411 303 3480 sponsi*
331 3443 361 3452 —
393 3417 451 3466 eius
468 3417 583 3466 violaria
607 3418 668 3479 erit]
721 3444 753 3453 -
773 3416 887 3468 ualentes
903 3421 1031 3483 propitii]
1050 3434 1071 3470 c.
1091 3421 1131 3480 21,
1147 3422 1233 3471 10.-

156 3481 207 3547 rgl.
225 3497 257 3532 zu
278 3487 300 3543 1,
314 3484 353 3544 24,
368 3484 391 3534 2.
720 3481 906 3547 inferendas*]
926 3487 978 3551 vgl.
997 3489 1038 3548 at,
1057 3489 1100 3546 28,
1118 3490 1141 3538 3.

190 3553 213 3602 o.
232 3551 309 3615 ego]*
754 3555 778 3603 9.
794 3552 927 3617 pluribus]
945 3570 965 3606 s.
985 3558 1009 3615 9,
1028 3557 1069 3614 at,
1089 3558 1113 3608 i.
1135 3583 1169 3594 -
1192 3558 1233 3606 in-

191 3622 214 3670 7.
234 3623 307 3684 loga]
327 3635 347 3673 s.
366 3635 397 3670 zu
417 3619 457 3680 22,
475 3619 516 3678 54,
530 3619 559 3676 2,
580 3616 630 3682 vgl.
644 3621 668 3680 9,
719 3635 803 3669 armes
815 3658 822 3672 .
833 3624 849 3683 .]
863 3621 908 3672 das
918 3622 1069 3689 Asyudetou
1084 3628 1179 3675 erselzl
1191 3622 1233 3675 die

157 3689 235 3749 25,1.
255 3715 286 3724 -
306 3685 583 3750 milri]llat.ethicus;
603 3701 668 3738 cru
720 3686 993 3756 Adversariupartikel.
1012 3719 1043 3728 -
1072 3691 1108 3740 ad
1124 3694 1233 3742 satieta-

157 3752 239 3804 Praei.
253 3757 276 3805 9.
290 3782 322 3791 -
342 3754 508 3819 qaisquaml*
522 3781 553 3791 -
567 3753 667 3818 enisu?
720 3759 780 3818 lem]
800 3756 851 3822 vgl.
870 3761 895 3822 8,
908 3762 931 3821 ¹l,
944 3760 974 3809 o:
993 3759 1030 3808 ad
1047 3756 1179 3824 Regillum
1197 3760 1234 3810 ad

192 3822 216 3874 8.
235 3837 281 3871 uos
294 3859 301 3873 .
316 3824 332 3885 .]
351 3821 392 3872 die
405 3819 472 3871 'Ihal
493 3821 554 3872 wird
574 3837 602 3872 so
617 3837 666 3873 ron
719 3826 869 3874 satietatem
882 3830 1233 3891 uestrampngnanimns.-

155 3888 200 3939 der
219 3888 397 3953 Zustimmung
415 3888 459 3940 der
478 3888 567 3941 Gotter
585 3890 667 3941 selbot
719 3894 900 3956 trucidabitis]
924 3911 944 3947 e.
964 3897 1005 3957 25,
1027 3897 1065 3954 16,
1087 3898 1125 3948 19.
1149 3923 1184 3933 -
1208 3900 1234 3945 al

156 3957 285 4023 abhingig
313 3956 414 4008 emacht
428 3956 487 4020 und,
501 3958 531 4009 da
545 3958 616 4010 diese
629 3975 667 4010 er·
719 3961 836 4011 consulis
848 4000 855 4014 .
868 3964 885 4025 .]
900 3963 948 4013 soll
959 3977 1003 4013 zur
1013 3960 1178 4028 Beruhigung
1188 3963 1233 4014 der

155 4024 229 4091 lolgt,
242 4025 283 4076 die
294 3972 472 4077 Isauramlteit
484 4026 666 4092 enlschuldigt.
719 4027 841 4080 Soldateu
852 4029 956 4090 dieuen;
969 4029 1233 4082 vouder'l'hatselhst

155 4121 187 4129 -
208 4093 333 4156 Ceron]
353 4108 373 4146 s.
393 4096 475 4157 99,8;
500 4095 552 4160 vgl.
571 4095 621 4148 Cic.
641 4096 666 4146 iu
719 4096 791 4148 hatte
815 4111 843 4148 ee
862 4099 983 4150 ahhalten
1002 4102 1113 4150 missen.
1143 4127 1174 4137 -
1202 4101 1232 4148 in

157 4158 226 4212 Verr.
246 4163 270 4223 4,
291 4163 667 4228 1072m1'raqaaedamtala
716 4168 881 4232 propinqua]
905 4182 926 4220 a.
945 4182 976 4218 zu
1000 4169 1060 4231 ’1,8.
1084 4195 1117 4206 -
1141 4169 1233 4217 limari
