2618 4740
57 628 138 673 acar.
151 640 173 670 a
189 629 234 672 aon
355 610 468 665 LIBER
485 611 599 666 XXVII.
630 610 827 665 0123132.
1095 615 1134 673 91

57 805 116 863 quo
138 786 235 844 minus
256 791 435 861 conspectus,
463 803 497 844 eo
519 786 638 845 solutior
660 791 729 862 erat,
758 793 787 846 et
808 787 969 849 libertatem
991 806 1055 848 cum
1078 790 1140 849 aliis

59 889 166 930 vanam
195 870 375 939 ostendisset,
409 875 499 929 totam
528 871 557 928 in
586 888 668 931 suam
697 871 840 932 licentiam
871 879 1003 933 verterat.
1047 883 1176 949 nequet

58 957 135 1018 enim
159 956 257 1015 omnia
278 956 392 1015 emebat
420 960 470 1015 aut
492 956 717 1031 eblandiebatur,
750 957 801 1017 sed
823 957 882 1016 vim
905 958 991 1017 etiam
1022 957 1140 1034 flagitiis

60 1041 225 1117 adhibebat,
248 1041 498 1117 periculosumque
520 1045 549 1100 et
570 1041 638 1100 viris
661 1046 690 1101 et
711 1042 880 1116 parentibus
895 1048 956 1103 erat
971 1061 1080 1103 moram
1096 1046 1139 1103 in·

60 1127 214 1188 commoda
239 1127 391 1186 severitate
412 1126 521 1185 libidini
550 1127 646 1202 regiae
667 1124 777 1187 iecisse.
820 1128 871 1186 nni
904 1129 989 1188 etiam
1020 1129 1177 1205 principis

60 1212 242 1272 Achaeorum
264 1213 354 1270 Arato
376 1211 512 1285 adempta
538 1229 611 1270 uxor
634 1214 752 1271 nomine
780 1213 943 1289 Polycratia
964 1232 999 1274 ao
1025 1232 1077 1291 spe
1098 1232 1140 1275 re-

62 1298 174 1374 giarum
196 1296 363 1371 nuptiarum
386 1296 415 1354 in
439 1296 636 1356 Macedoniam
660 1302 807 1372 asportata
828 1297 932 1358 luerat.

147 1383 208 1441 Per
233 1381 305 1441 haee
331 1379 445 1457 flagitia
473 1381 603 1440 sollemni
632 1383 808 1441 Nemeorum
839 1389 954 1458 peracto
983 1383 1177 1459 paucisquea

62 1467 168 1527 additis
189 1466 290 1525 diebus
312 1466 424 1542 Dymas
454 1472 497 1525 est
526 1465 673 1542 proiectus
704 1466 742 1525 ad
774 1467 932 1541 presidium
964 1468 1141 1542 Aetolorum,

63 1552 144 1627 quod
167 1552 204 1611 ab
227 1551 297 1610 Eliis
318 1551 444 1612 adcitum
467 1556 676 1627 acceptumque
697 1551 726 1609 in
750 1553 850 1612 urbem
873 1558 943 1624 erat,
972 1552 1141 1613 eiciendum.

62 1637 216 1713 Cycliadas
236 1668 278 1678 —
303 1655 392 1712 penes
414 1654 480 1697 eum
502 1654 615 1696 summa
637 1630 750 1713 imperii
772 1642 833 1698 erat
854 1670 896 1679 —
917 1637 1083 1713 Achaeique
1104 1637 1142 1696 ad
1166 1645 1192 1694 to

64 1723 177 1799 Dymas
198 1721 259 1798 regi
280 1737 436 1796 occurrere,
464 1727 493 1781 et
514 1722 643 1781 Eliorum
665 1722 776 1782 accensi
798 1723 873 1800 odio,
902 1723 979 1798 quod
1002 1741 1021 1781 a
1042 1722 1141 1783 ceteris

64 1807 187 1867 Achaeis
207 1806 396 1884 dissentirent,
418 1813 447 1867 et
468 1806 572 1866 infensi
593 1807 710 1882 Aetolis,
742 1825 816 1883 qnos
839 1808 1001 1867 Romanum
1024 1825 1141 1883 quoque

62 1893 202 1952 adversus
224 1910 256 1951 se
279 1892 402 1953 movisse
424 1893 531 1952 bellum
554 1892 716 1952 credebant.
761 1892 885 1966 profecti
904 1894 942 1953 ab
957 1894 1063 1969 Dymis
1078 1910 1142 1952 con·
1166 1898 1192 1948 11

62 1979 161 2038 iuncto
185 1977 311 2037 exercitu
335 1982 485 2037 transeunt
506 1976 639 2038 Larisum
661 1996 785 2053 amnem,
807 1978 857 2053 qui
872 1978 970 2037 Elium
986 1996 1088 2052 agrum
1105 1978 1142 2038 ab

63 2064 197 2139 Dymaeo
222 2062 339 2123 dirimit.
382 2063 506 2138 primum
529 2063 613 2139 diem,
636 2080 693 2136 quo
711 2062 778 2121 linis
793 2062 918 2123 hostium
933 2063 1052 2139 ingressi
1066 2069 1142 2138 sunt,
1159 2063 1195 2120 32

62 2147 229 2226 populando
253 2148 484 2223 absumpserunt.
527 2153 643 2224 postero
665 2148 711 2207 die
737 2148 799 2208 acie
820 2149 958 2208 instructu
979 2148 1016 2207 ad
1039 2148 1142 2207 urbem

63 2237 247 2293 accesserunt
271 2233 434 2306 praemissis
456 2233 608 2309 equitibus,
631 2235 682 2307 qui
705 2234 900 2309 obequitando
923 2233 1013 2309 portis
1027 2251 1142 2309 promp-

62 2325 126 2378 tum
156 2318 192 2377 ad
215 2318 398 2377 excursiones
427 2336 520 2393 genus
548 2319 719 2378 lacesserent
747 2319 924 2378 Aetolorum.
970 2319 1179 2395 ignorabantt

65 2402 224 2478 Sulpicium
247 2421 313 2462 oum
336 2403 499 2477 quindecim
522 2403 646 2464 navibus
669 2405 706 2462 ab
722 2404 875 2478 Naupacto
898 2399 1039 2480 Cyllenen
1062 2403 1142 2462 traie

63 2489 137 2549 cisse
159 2495 187 2548 et
209 2488 347 2563 expositis
368 2489 396 2547 in
420 2494 524 2549 terram
547 2495 683 2564 quattour
704 2488 822 2548 milibus
841 2494 1016 2548 armatorum
1031 2487 1143 2547 silentio

63 2574 164 2648 noctis,
184 2591 221 2633 ne
235 2573 359 2649 conspici
374 2592 478 2650 agmen
494 2579 599 2649 posset,
620 2574 742 2632 intrasse
756 2573 839 2634 illim.
884 2574 982 2647 itaque
997 2573 1144 2647 inprovisa
1165 2583 1180 2631 3

60 2678 106 2719 res
128 2660 274 2736 ingentem
297 2659 392 2718 iniecit
413 2664 559 2735 terrorem,
591 2664 744 2733 postquam
767 2661 842 2719 inter
863 2660 980 2718 Aetolos
1004 2658 1142 2733 Eliosque

65 2813 95 2833 =
112 2789 221 2858 rapiam
237 2788 392 2858 saetiyium.
410 2818 444 2828 —
464 2788 577 2858 mnata]
629 2790 710 2842 kllste
728 2787 900 2855 Achaias.„-
912 2788 1008 2854 Elim]
1022 2788 1144 2841 Bnndcs·

61 2857 115 2912 wie
132 2859 163 2911 ira
180 2857 295 2924 speciem
313 2880 346 2900 -
363 2857 520 2911 ‘wesenlos’.
544 2887 577 2896 -
629 2871 763 2926 genossen
782 2856 830 2910 der
847 2857 942 2911 Atoler
958 2856 1014 2910 und
1033 2857 1145 2923 Romen

60 2927 93 2980 in
112 2968 118 2980 .
137 2964 144 2978 .
162 2927 287 2988 verterat]
306 2925 360 2978 ‘ihr
377 2925 434 2978 sich
452 2925 481 2979 in
499 2926 578 2980 Will-
631 2943 652 2980 s.
671 2929 712 2988 26,
725 2929 766 2992 24,
779 2929 807 2992 9,
825 2925 865 2978 sie
884 2925 946 2979 sind
958 2925 1011 2978 den
1024 2931 1144 2978 crateron

62 2995 116 3048 lrttr
133 2993 302 3048 rerwandelt
319 2992 417 3054 hatte¹;
436 2993 491 3063 rgl.
511 2998 534 3060 2,
553 2998 577 3061 3,
630 2993 880 3049 stammverwsndt.

65 3066 92 3115 3:
122 3061 274 3116 libertatem
295 3062 415 3115 aliorum
442 3063 473 3116 ia
497 3078 577 3116 secam
667 3065 706 3114 to.
743 3061 908 3130 Cycliadas}
941 3060 1054 3128 Strateg
1083 3073 1144 3112 vom

64 3131 175 3184 vertisse
203 3131 373 3192 sanitatem
401 3146 436 3184 zu
459 3134 578 3184 verterat
630 3130 687 3184 Mai
717 3133 767 3182 210
791 3129 834 3183 bis
856 3129 939 3183 dahin
963 3131 1025 3193 209;
1054 3126 1146 3180 Philo·

65 3198 135 3250 nach
152 3197 336 3276 oapnbolarv
358 3197 376 3251 l.
396 3203 410 3251 5
432 3202 474 3263 49,
493 3204 517 3251 5.
629 3203 726 3266 pdmcn
744 3213 802 3250 war
813 3198 883 3251 nach
896 3198 977 3251 Paus.
991 3199 1015 3264 8,
1028 3199 1062 3249 49
1077 3195 1146 3263 Hip·

102 3270 125 3318 t.
151 3266 259 3343 ehqml*
274 3295 309 3305 —
326 3215 450 3334 [fimitis]
474 3281 520 3320 um
538 3266 578 3321 sie
630 3267 722 3335 parch.
736 3295 767 3304 -
775 3282 861 3334 perrea
879 3267 915 3330 ..i
930 3262 1147 3332 Umschrcibung

62 3349 98 3388 zu
112 3333 292 3402 rollbrmgem
311 3350 331 3388 s.
348 3340 371 3402 5,
385 3338 408 3401 6,
421 3336 477 3399 3;8
499 3339 540 3398 27,
555 3340 577 3388 5.
630 3350 683 3388 ron
703 3339 860 3402 στρατηγός,
879 3337 1003 3402 macter.
1030 3362 1064 3370 -
1092 3332 1146 3386 Ro·

99 3405 123 3455 8.
153 3402 212 3462 urit}
238 3417 283 3455 nm
307 3403 352 3456 lhn
381 3403 432 3456 den
461 3376 577 3472 dbrigen
630 3419 746 3456 manum
763 3405 874 3469 quoquc]
893 3401 971 3456 nicht
988 3400 1071 3455 ullein
1094 3401 1145 3454 den

61 3469 368 3539 gegenhbersustelleu:
398 3471 503 3536 ⁴ciuem,
532 3471 579 3524 der
631 3469 790 3525 titoliscben.

61 3538 193 3600 ..war’;
220 3538 269 3592 das
286 3538 413 3608 folgeude
436 3543 579 3606 asportata
668 3535 1148 3602 ll.ab]*—Lorinam]sttdwestlich

60 3608 158 3676 facerat
186 3605 292 3661 scheint
317 3607 499 3669 anzudeuten,
525 3608 578 3661 dab
631 3623 683 3663 ron
696 3606 814 3674 Dymao;
833 3621 854 3659 s.
867 3606 947 3659 Paus.
961 3611 985 3672 1,
1000 3609 1040 3667 17,
1052 3609 1080 3672 3,
1098 3619 1149 3658 aur

60 3676 121 3730 dias
139 3674 339 3742 nicbtdamals,
358 3676 472 3730 scudem
485 3675 580 3730 frtlher
631 3676 716 3730 Saohe
745 3690 765 3728 s.
797 3674 870 3728 Plut.
893 3673 999 3728 Philo.
1027 3678 1056 3739 75
1091 3673 1147 3741 vgl.

128 3743 215 3798 beben
237 3742 285 3797 soi.
309 3773 341 3781 -
361 3744 479 3812 Arato*]
507 3743 579 3798 Sohn
632 3743 689 3797 Pol.
711 3748 749 3810 1⁰,
769 3746 809 3808 22,
828 3747 888 3807 (251.
907 3772 940 3781 -
994 3739 1091 3809 liam]*
1114 3769 1147 3779 —

82 3828 110 3866 es
128 3812 290 3867 bertthmteu
309 3810 425 3880 Aratus3
442 3829 463 3866 s.
482 3816 524 3876 ³2,
537 3815 578 3879 21,
631 3812 664 3865 ab
682 3812 838 3881 Dymaeo]*.

63 3885 109 3935 ²³:
128 3885 155 3935 et
174 3881 295 3934 Aratum
333 3883 421 3934 atram
438 3881 580 3948 filiamque
665 3879 710 3936 32.
743 3885 763 3933 l.
787 3877 904 3946 portici*
927 3907 961 3917 —
983 3878 1147 3944 promptum

64 3950 277 4018 ..interfectos;
293 3896 347 4015 fiiii
363 3950 447 4003 etiam
464 3966 580 4003 uxorem
631 3950 668 4002 ad
686 3991 692 4001 .
712 3951 728 4013 .]
746 3963 767 4001 s.
786 3952 829 4010 44,
847 3952 872 4014 4,
891 3951 915 4024 2.

62 4017 188 4072 libidinis
205 4033 288 4070 eausa
306 4019 354 4085 (au
373 4033 398 4070 n.
412 4017 450 4071 St.
463 4034 517 4098 spe,
531 4016 580 4070 ‘iu·
667 4020 691 4070 2.
710 4013 971 4083 qtmttuormiltbusl
988 4029 1009 4065 s.
1021 4014 1106 4074 autb,
1120 4013 1147 4074 2;

61 4085 125 4140 dem
137 4102 166 4140 er
177 4085 320 4153 Hoffnung
331 4084 456 4148 macbte'y
474 4103 504 4139 m
518 4084 580 4138 Mo·
632 4083 834 4153 Anshebnngen
848 4082 892 4136 bei
904 4081 1148 4148 Bnndesgenosscu

62 4156 205 4208 oedoaabm
223 4156 405 4221 asportatam.
633 4152 780 4207 anberhslb
799 4151 926 4212 italiens;
950 4165 971 4202 s.
990 4151 1014 4209 8,
1035 4151 1080 4213 15,
1106 4149 1147 4211 to,

98 4226 122 4276 9.
151 4222 287 4284 collocant]
305 4221 403 4274 vorher
420 4219 536 4284 ludicra
559 4233 580 4271 s.
634 4224 676 4284 42,
696 4224 720 4274 2.

65 4298 89 4361 1,
108 4295 133 4355 5,
151 4295 175 4346 2.
196 4321 228 4331 -
246 4291 364 4359 Dymos]
383 4305 418 4342 an
430 4288 479 4342 der
490 4288 581 4344 West·
669 4294 692 4343 3.
711 4285 876 4354 Eleqaep.
