2618 4740
624 496 793 552 PERIOCHA.

628 873 666 956 t.
691 870 790 955 hlVl

285 1027 333 1088 nn
355 1024 456 1088 unns
480 1026 647 1089 conorrn
670 1027 773 1089 nrnnr
796 1025 903 1088 xxrrrr
926 1024 1130 1088 hunrocus

253 1193 433 1262 Hieronymus,
451 1192 670 1261 Syracusanorum
690 1211 747 1258 rex,
765 1195 839 1247 cuins
857 1199 929 1262 pater
947 1192 1023 1246 liiero
1041 1193 1140 1246 amicus
1157 1195 1246 1262 populi

168 1262 276 1316 Romani
296 1262 388 1326 iuerat,
406 1261 438 1313 ad
451 1262 668 1330 Carthaginiensis
686 1263 780 1316 deiecit
797 1267 824 1315 et
841 1268 946 1330 propter
963 1261 1140 1315 crudelitatem
1159 1277 1246 1330 super·

169 1332 289 1398 bismque
308 1346 320 1381 a
334 1331 389 1383 suis
401 1330 552 1383 interiectus
564 1336 612 1384 est
642 1331 699 1386 Tib.
713 1331 878 1398 Sempronius
891 1330 1020 1382 Gracchus
1033 1329 1169 1396 proconsul
1188 1346 1247 1398 pro·

169 1414 244 1467 spere
256 1399 379 1451 adversus
393 1398 495 1454 Poenos
513 1406 540 1452 et
552 1399 701 1452 Hannonem
713 1400 804 1452 ducem
823 1398 854 1450 sd
867 1397 1043 1450 Beneventum
1056 1397 1182 1465 pugnavit
1194 1414 1247 1451 ser-

130 1469 145 1518 d
169 1483 258 1520 norum
272 1467 382 1519 maxime
394 1482 481 1533 opera,
500 1483 566 1535 quos
583 1469 680 1521 liberos
692 1483 750 1520 esse
762 1467 844 1520 iussit
874 1466 995 1518 Claudius
1007 1465 1143 1518 Marcellus
1155 1469 1247 1520 consul

169 1536 195 1587 in
206 1534 302 1599 Sicilia,
312 1550 379 1603 quae
389 1551 469 1602 prope
480 1541 534 1588 tota
544 1535 575 1587 ad
587 1535 688 1588 Poenos
698 1537 834 1599 deiecerat,
843 1533 986 1602 Syracusas
998 1533 1107 1587 obsedit.
1125 1532 1211 1602 Pbiiip
1230 1552 1246 1588 o

169 1603 337 1656 Macedonum
349 1608 403 1670 regi
417 1604 512 1656 beilum
525 1604 648 1657 indictum
667 1611 715 1668 est,
733 1605 777 1672 qui
790 1602 821 1654 ad
834 1602 997 1668 apolloniam
1010 1608 1136 1654 nocturno
1150 1618 1178 1669 pr
1221 1604 1247 1656 io

169 1670 984 1806 tttitnlt‘ttttnltbullit,intituli?
999 1670 1247 1805 {iiim

119 1806 147 1857 to
171 1806 290 1876 iiispanic
310 1824 325 1861 a
339 1807 366 1860 P.
380 1814 405 1859 et
419 1809 463 1862 Cn.
477 1808 642 1875 Scipionibus
654 1808 777 1861 adversus
789 1808 1012 1874 Carthaginienses
1024 1813 1112 1873 gestas
1123 1807 1248 1870 continet,

172 1878 294 1943 aquibus
312 1876 426 1944 Syphax,
444 1893 488 1930 rer
507 1877 655 1939 Numidiae,
673 1879 699 1929 in
718 1877 856 1928 amicitiam
874 1874 996 1941 adscitus,
1014 1875 1059 1942 qul
1076 1872 1247 1938 adunatur,

172 1943 351 2012 Massyliorum
371 1960 444 2010 rege,
470 1960 516 2011 pro
534 1944 788 2012 Carthaginiensibus
807 1950 937 2011 pugnante
954 1944 1038 1996 victus
1055 1943 1081 1993 in
1100 1941 1247 2010 Hispaniam

170 2010 202 2062 ad
221 2011 368 2078 Scipionem
387 2027 444 2063 cum
463 2027 554 2078 magna
568 2029 642 2065 msnu
662 2013 763 2065 transiit
780 2019 868 2065 contra
881 2010 973 2075 Gades,
992 2011 1034 2063 nbi
1052 2016 1164 2078 augusto
1181 2011 1247 2064 ireto

173 2077 256 2130 hides
270 2084 296 2130 et
308 2078 427 2145 Hispania
438 2079 597 2132 dirimuntur.
622 2081 752 2144 [Celtiberi
765 2096 868 2148 quoque
880 2080 1055 2132 inimicitiam
1067 2079 1165 2148 receptl
1177 2087 1247 2143 sunt,

122 2151 150 2200 tc
172 2161 281 2266 ἓυὲτυω
294 2147 395 2198 auxiliis
405 2146 511 2201 adscitis
523 2155 583 2200 tunc
593 2151 702 2214 primum
712 2148 911 2201 mercennarium
923 2148 1031 2200 militem
1041 2145 1155 2200 Romana
1164 2152 1249 2201 castra

190 2228 204 2265 s
223 2218 333 2279 uerunt]

262 2353 300 2403 lt.
319 2369 336 2403 o
354 2354 451 2419 quibus
469 2392 496 2407 ..
514 2353 666 2403 habuerunt
683 2350 778 2404 erhliri
796 2351 986 2418 Zangemeister
1005 2351 1045 2403 itlr
1063 2349 1166 2403 utrecht.

261 2422 300 2473 14.
320 2419 444 2473 Celtiberi
462 2458 488 2473 ..
508 2421 659 2471 hahuerunt
676 2419 771 2472 erhlirt
789 2418 848 2471 wll.
867 2419 907 2472 hir
924 2419 1026 2474 nnecht.
1070 2487 1072 2492 .
