2618 4740
539 1059 580 1141 t.
600 1057 701 1142 titt

186 1216 242 1275 AB
263 1216 373 1275 VBBE
395 1216 573 1276 tenutis
595 1218 806 1278 Llsuout'u
828 1220 1087 1288 Pmoclmt

454 1348 509 1402 EX
526 1347 654 1404 multo
670 1347 802 1403 xxm

174 1467 223 1521 Cn
242 1467 512 1535 intimaremur
524 1484 585 1521 eum
597 1469 720 1522 exercitu
731 1468 766 1521 ab
777 1469 940 1526 Hannibale
958 1475 996 1528 ad
1010 1476 1173 1533 Herdneu

89 1552 184 1590 caesum
210 1546 262 1590 est
296 1537 408 1589 meliore
434 1548 536 1590 eventu
558 1538 593 1590 ab
615 1537 729 1590 Claudio
750 1537 880 1591 Harcello
907 1544 1029 1598 consule
1053 1547 1174 1601 adrem

90 1604 205 1658 eundem
222 1606 257 1658 ed
275 1605 478 1658 Numistronem
496 1616 650 1673 pugnatum
667 1616 719 1658 est.
747 1605 811 1658 inde
827 1606 977 1664 Hannibal
994 1622 1082 1668 noete
1098 1631 1174 1670 m

90 1674 139 1727 sit:
164 1673 308 1726 Marcellus
327 1674 467 1726 Insecutus
484 1682 527 1727 est
544 1684 573 1726 et
590 1673 704 1726 subinde
721 1674 862 1727 oedentem
879 1679 997 1743 pressit,
1016 1681 1105 1737 dm
1119 1700 1172 1738 m.

90 1741 207 1809 digeret
236 1742 327 1808 priore
343 1757 439 1810 pugna
455 1741 594 1794 Hannibal
612 1742 744 1809 superior,
761 1743 869 1808 seqenti
886 1744 1053 1803 Hareellus.
1083 1750 1192 1810 Fabiuss

91 1810 227 1864 blaximus
244 1810 338 1862 consul
356 1820 436 1878 pater
452 1809 617 1863 Terentium
634 1826 683 1877 per
700 1810 882 1878 proditionem
898 1816 1021 1883 recepit
1052 1818 1172 1873 chaam

91 1877 243 1933 Marcellus,
265 1880 294 1930 T.
307 1878 436 1944 Quintius
454 1878 593 1946 Crispinus
616 1879 740 1932 consules
757 1878 917 1946 speculandi
936 1898 1026 1938 eausa
1044 1889 1170 1957 progressi

91 1962 106 1999 e
124 1945 230 2005 castris,
247 1946 356 1998 insidiis
374 1946 408 1998 ab
426 1946 581 1999 Hannibale
598 1946 777 2000 circumventi
794 1955 869 2000 sunt.
897 1949 1055 2007 laneum
1071 1957 1170 2010 occisus

91 2014 234 2080 Crispinus
260 2014 344 2081 lugit.
380 2017 499 2067 lustrum
522 2033 539 2067 a
561 2015 719 2068 censoribus
744 2015 885 2069 conditum
912 2028 968 2073 est
1006 2036 1094 2077 censs
1117 2034 1169 2078 sunt

91 2082 191 2134 adrium
208 2081 300 2148 capita
318 2090 427 2135 centum
446 2083 563 2151 triginta
581 2092 684 2151 septem
703 2083 780 2137 milia
796 2090 908 2138 centum
919 2095 1002 2145 octo:
1021 2106 1058 2144 ex
1089 2100 1200 2149 nonnil

91 2164 164 2202 mero
182 2164 217 2216 ap
236 2149 322 2213 aruit,
345 2162 477 2216 quantum
499 2152 638 2204 bominum
661 2158 704 2204 tot
724 2152 892 2229 proeliorum
919 2155 1046 2212 edrersa
1086 2168 1169 2215 ortum

92 2218 190 2339 arpalo
213 2165 334 2271 Iiomsno
356 2219 523 2273 abstulisset.
559 2221 587 2273 in
616 2219 750 2287 Hispania
767 2220 802 2273 ad
824 2220 976 2277 Baeculam
1002 2226 1102 2296 Scipio
1121 2244 1167 2283 cun

119 2285 262 2338 asdrubale
279 2296 306 2339 et
326 2286 480 2340 Hamilcare
498 2287 620 2342 condixit
638 2298 666 2340 et
685 2288 762 2341 vicit
795 2289 870 2342 iuter
887 2290 946 2343 alia
969 2303 1089 2361 captum
1105 2312 1168 2366 rega·

92 2357 142 2408 lem
167 2370 279 2422 puerum
304 2355 419 2408 eximiae
443 2357 544 2408 formae
570 2357 604 2408 ad
627 2358 791 2410 avunculum
813 2357 991 2413 Masinissam
1014 2379 1081 2417 cum
1104 2364 1168 2418 donis

92 2424 204 2477 dimisit.
238 2423 399 2489 Hasdrubal,
418 2425 464 2490 qui
484 2441 543 2477 cuni
563 2426 685 2477 exercitu
703 2441 772 2478 novo
794 2426 876 2492 Alpes
894 2432 1127 2499 transcenderat,
1144 2439 1196 2487 utb'

92 2509 121 2545 se
139 2492 288 2545 Hannibali
300 2493 436 2561 iungeret,
454 2509 513 2545 cum
527 2493 636 2545 milibus
649 2494 786 2546 hominum
801 2494 1011 2563 quinquaginta
1023 2516 1076 2554 sex
1088 2516 1166 2555 caeam

92 2571 142 2621 est,
161 2569 241 2628 capta
260 2561 378 2627 auinaue
397 2561 474 2613 milia
486 2561 680 2629 quadringenti
694 2563 727 2614 ll.
740 2562 802 2614 liri
815 2564 934 2615 consulis
947 2565 1049 2629 ductu,
1068 2570 1116 2623 sed
1127 2584 1164 2623 rot

91 2631 192 2683 miuore
211 2646 292 2708 opara
311 2630 407 2681 (flandi
427 2629 540 2681 Neronis
559 2631 685 2687 consulis,
709 2630 763 2696 qui.
782 2646 842 2682 cum
862 2631 1017 2687 Hannibali
1038 2639 1167 2705 oppositu

91 2705 170 2755 esset.
184 2698 287 2751 relictis
300 2698 396 2750 castris
410 2697 457 2762 ita,
476 2703 507 2750 ut
520 2698 624 2750 bostem
637 2698 752 2760 falleret,
765 2715 824 2751 cum
838 2699 926 2752 electa
938 2716 1027 2757 manu
1042 2707 1167 2771 proiectus

91 2766 287 2819 Hasdrubalem
307 2765 529 2818 circumvenerat.
566 2783 607 2818 res
619 2776 761 2833 praeterea
778 2767 897 2819 feliciter
914 2784 939 2820 a.
960 2770 992 2823 P.
1006 2771 1132 2840 Scipione
1147 2773 1168 2824 iu
1182 2779 1196 2826 i?

92 2835 226 2902 Hispania
244 2841 271 2887 et
289 2849 305 2886 a
324 2833 353 2886 P.
372 2833 491 2901 Sulpicio
515 2842 637 2900 praetore
664 2835 793 2886 adversus
816 2835 978 2902 Philippum
1004 2849 1032 2892 et
1059 2843 1168 2895 achaea

91 2911 183 2968 gestas
201 2902 331 2955 continet.

446 3140 498 3192 EX
520 3139 647 3193 LIBRO
666 3139 819 3195 XXVIII.

178 3239 230 3291 lies
249 3238 277 3291 iu
296 3239 431 3306 Hispania
447 3255 575 3360 grospere
593 3246 688 3307 gestae
706 3257 722 3293 a
740 3240 841 3301 Silano,
866 3240 1003 3307 ScipionIs
1023 3245 1032 3297 l
1091 3258 1125 3301 to.
1147 3253 1167 3296 et

92 3310 125 3361 ab
144 3308 174 3361 1..
185 3307 309 3374 Scipione
327 3308 412 3360 fratre
430 3325 446 3360 a
465 3323 558 3361 versus
578 3308 690 3372 Poenos,
710 3308 769 3361 aP.
783 3308 901 3376 Sulpicio
914 3324 1030 3376 procons
1063 3330 1088 3377 e,
1106 3315 1167 3366 socio

93 3377 196 3440 Attalo,
216 3391 276 3435 rege
287 3376 376 3442 asiae,
390 3376 520 3429 adversus
530 3376 695 3444 Philippum,
708 3393 797 3444 regem
811 3376 996 3441 Macedonum,
1010 3395 1060 3448 pro
1073 3382 1168 3434 aetola
1182 3390 1199 3438 a

93 3446 256 3498 referuntur.
293 3459 352 3496 ctum
372 3444 406 3497 bl.
428 3445 505 3497 Livio
523 3451 551 3497 et
575 3445 688 3497 Claudio
711 3445 811 3498 Neroni
838 3445 996 3500 consulibus
1023 3449 1168 3516 triumphus

92 3517 215 3567 ‹aaraaa
234 3517 313 3569 essct,
335 3511 439 3575 Livius,
457 3513 503 3578 qui
522 3513 550 3565 in
570 3513 711 3580 provincia
734 3529 784 3565 sua
802 3529 857 3566 rem
875 3520 1008 3582 gesserat,
1034 3516 1167 3594 quadrigis

92 3582 216 3634 iriveotua
234 3588 283 3642 eat,
311 3579 389 3647 Nero,
420 3581 465 3647 qui
489 3581 516 3633 iu
535 3581 655 3649 collegae
684 3581 857 3648 provinciam,
885 3587 916 3634 ut
941 3582 1087 3639 victoriam
1117 3598 1167 3638 erus

92 3649 243 3714 adiuvaret,
271 3655 392 3713 venerat,
420 3665 488 3714 equo
506 3656 616 3702 secutus
640 3658 689 3716 est,
717 3656 745 3703 et
763 3651 791 3702 in
810 3650 859 3702 hoc
877 3649 972 3704 habitu
991 3652 1055 3717 plus
1073 3653 1167 3722 gloriae

93 3717 314 3783 rievarcutiaeque
338 3717 446 3777 habuit,
477 3732 539 3769 nam
567 3724 595 3770 et
618 3718 679 3786 plus
702 3718 730 3770 iu
749 3717 819 3771 bello
837 3733 917 3783 quam
940 3719 992 3772 coll
1066 3722 1201 3775 recensu

93 3785 166 3851 iguis
186 3785 212 3837 iu
232 3783 297 3837 aede
312 3784 411 3838 Vestae
429 3784 606 3852 neglegentia
625 3786 750 3854 virginis,
769 3802 837 3852 quae
856 3800 909 3839 non
934 3795 1012 3841 custo
1035 3789 1110 3851 erat,
1128 3803 1165 3840 er·

94 3850 196 3907 tinctus
215 3861 269 3920 cst;
288 3868 367 3906 caesa
385 3859 427 3906 est
443 3851 537 3920 flagro.
575 3854 604 3906 P.
623 3854 712 3921 Scipio
731 3855 758 3907 in
778 3854 913 3921 Hispanis
930 3871 991 3908 eum
1010 3856 1110 3910 Poenis
1127 3856 1165 3907 de·

93 3922 206 3975 bellavit
215 3927 312 3989 quarto
322 3921 502 3974 decituoauuo
512 3921 649 3984 eiusbelli,
659 3922 754 3989 quinto
764 3929 826 3991 post
836 3938 906 3975 anuo
917 3939 998 3989 quam
1009 3924 1088 3992 ierat,
1101 3938 1166 3992 prae

93 3990 228 4056 ‹ilrisiaque
238 3989 266 4042 in
278 3994 364 4041 totum
371 3988 698 4111 Ptissessiouepromncite
708 3991 899 4044 eiushostibus
905 3991 1053 4059 Hispanias
1060 3992 1165 4059 rece-piu

93 4067 121 4111 tit
131 4058 305 4111 a'larracoua
315 4057 371 4110 ina
387 4057 467 4109 rlcam
478 4056 512 4109 ad
521 4057 776 4126 Syphacem,rcgem
787 4059 985 4126 Massyliorum.
999 4067 1166 4114 tantusvectus
1180 4061 1198 4111 lb

94 4127 187 4179 l'oadua
206 4125 304 4179 iunxit.
341 4124 495 4178 Hasdrubal
506 4125 635 4194 Gisgonis
647 4126 685 4179 ibi
704 4144 764 4180 eum
778 4143 808 4180 eo
826 4128 853 4179 iu
867 4128 959 4181 eodem
972 4129 1044 4182 lecto
1056 4127 1163 4182 certarit.

93 4210 190 4248 ultanus
209 4193 403 4263 gladiatorium
421 4193 450 4246 iu
469 4193 594 4247 bonorem
621 4195 708 4262 patris
731 4195 877 4261 patruique
902 4196 1064 4265 Carthagini
1082 4196 1163 4249 Norae
