2618 4740
142 484 205 544 216
478 482 573 538 UBER
590 482 668 535 XXV.
703 482 775 535 GAP.
792 485 834 536 40.
852 486 893 538 41.
1068 510 1090 544 ι.
1104 512 1128 545 ι.
1142 511 1163 544 e.
1176 503 1223 548 ata.

91 670 120 722 u
141 656 376 737 Carthaginiensi
387 655 478 718 misso
489 655 526 717 ab
537 664 640 717 senatu
654 654 842 734 populoque!
854 654 879 716 is
890 654 1021 735 perpulit
1031 666 1224 721 cunctantem

143 744 306 825 Epicyden,
322 751 355 803 ut
369 741 547 819 transgressi
562 742 673 802 llumen
690 740 721 801 in
736 740 830 802 aciem
849 739 981 801 exirent:
1003 758 1071 801 nam
1087 741 1224 806 sillntti·

143 847 212 891 nem
236 827 456 907 opperirentur,
472 836 501 888 et
522 824 653 887 secunda
675 842 795 905 pugnae
816 824 937 886 ionuna
959 825 1122 902 evenisset,
1143 828 1223 891 haud

90 919 128 975 41
146 912 235 975 dubie
247 911 383 973 Muttinis
393 910 516 991 gloriam
532 911 606 972 lore.
636 910 787 972 enimvero
799 909 956 990 indignum
970 918 1053 973 ratus
1066 910 1224 978 nuestus

141 1017 184 1072 se,
199 997 250 1077 qui
264 995 460 1058 Hannibalem
476 995 636 1057 subnixum
648 995 769 1056 victoria
780 994 930 1057 monensi
941 994 978 1057 ah
989 994 1064 1058 Nola
1074 999 1223 1078 reppulis-

142 1091 197 1156 set,
213 1082 259 1144 his
273 1091 350 1142 terra
367 1081 500 1158 marique
514 1081 598 1142 vietis
611 1080 648 1141 ah
663 1099 695 1142 se
710 1079 846 1142 hostibus
865 1079 981 1154 cedere,
996 1098 1078 1142 arma
1093 1100 1224 1164 propere

105 1177 120 1228 2
141 1184 247 1248 erpere
258 1165 366 1228 milites
381 1175 412 1226 et
426 1165 525 1226 elierri
540 1165 625 1245 signa
639 1165 730 1226 iubet
760 1166 928 1227 instruente
942 1166 1105 1229 exercitum
1119 1169 1222 1232 decem

143 1252 244 1315 eliusis
258 1251 342 1331 equis
356 1249 493 1312 advolant
507 1268 542 1311 ex
557 1250 685 1312 hostium
700 1250 764 1311 acie
780 1249 922 1311 Numidae
938 1251 1112 1314 nuntiantes
1125 1271 1225 1335 popu·

143 1337 220 1400 lares
233 1356 312 1410 suos
328 1336 457 1415 primurn
473 1328 510 1396 ea*
522 1335 667 1397 seditione
682 1344 793 1406 motos,
816 1352 874 1413 qua
896 1336 1023 1397 trecenti
1044 1354 1080 1398 ex
1096 1356 1223 1402 numero

105 1432 120 1482 1
142 1441 197 1484 suo
212 1421 417 1483 concesserint
431 1419 619 1495 Heracleam,
635 1420 703 1481 dein
720 1418 800 1498 quod
814 1420 995 1498 praelectum
1011 1439 1099 1484 sunm
1114 1422 1153 1485 ah
1169 1425 1224 1487 oh·

143 1506 342 1569 tractantibus
355 1505 482 1568 ducibus
492 1505 604 1585 gloriae
616 1505 680 1566 eius
695 1504 750 1566 sub
766 1504 859 1584 ipsam
872 1505 1043 1568 certaminis
1052 1507 1130 1568 diem
1142 1507 1225 1572 able·

106 1603 242 1673 tgatum
257 1592 383 1664 videant,
407 1591 560 1670 quieturos
575 1592 605 1652 in
627 1607 737 1670 pugna.
766 1607 841 1668 gens
863 1588 950 1650 fallar
972 1591 1110 1670 promissi
1134 1594 1223 1656 tidem

143 1677 299 1758 praestitit
340 1677 439 1755 itaque
462 1684 492 1736 et
512 1675 655 1737 Romanis
676 1675 768 1736 crevit
789 1673 906 1735 animus
928 1675 1034 1737 hundo
1057 1677 1148 1739 celeri
1169 1698 1226 1760 per

143 1762 264 1824 ordines
278 1761 384 1834 misso,
398 1760 572 1822 destitutum
587 1759 624 1821 ab
640 1759 739 1838 equite
753 1758 868 1820 hostem
890 1777 970 1834 esse,
989 1778 1077 1838 quem
1097 1764 1224 1826 maxime

105 1856 120 1906 a
143 1845 311 1919 timuerant,
324 1856 353 1905 et
364 1845 458 1906 territi
469 1845 579 1917 hostes,
590 1844 883 1924 praeterquamquod
894 1845 1225 1926 marimaparteririum

143 1948 263 1992 suarum
280 1948 341 1990 non
357 1928 543 2002 iurabantnr,
558 1929 664 1990 timore
681 1928 768 1989 etiam
783 1928 914 2002 incusso,
932 1948 971 1991 ne
985 1930 1022 1991 ah
1034 1943 1153 1994 suomet
1167 1935 1224 2014 ipsi

105 2025 121 2074 o
142 2015 242 2092 equite
258 2024 514 2092 oppugnarentur.
544 2014 643 2092 itaque
659 2012 735 2074 haud
760 2013 859 2092 magui
881 2016 1053 2078 certaminis
1073 2017 1224 2099 luitproa-

143 2097 232 2171 tium;
247 2097 361 2176 primus
376 2097 487 2158 clamor
502 2107 590 2176 atque
606 2098 726 2177 inpetus
741 2115 803 2158 rem
826 2098 964 2160 decrerit
995 2099 1140 2165 Numidae
1154 2122 1223 2166 cum

144 2182 173 2243 in
198 2198 347 2243 concursu
370 2181 461 2260 quieti
484 2183 635 2244 stetissent
650 2182 680 2242 in
704 2182 857 2254 cornibus,
880 2193 913 2243 ut
928 2193 1010 2263 terga
1033 2186 1130 2249 dands
1151 2207 1224 2252 snos

106 2279 120 2327 't
142 2266 289 2335 viderunt.
306 2267 390 2345 lugae
406 2274 520 2327 tantum
538 2285 697 2347 parumper
712 2268 835 2328 comites
850 2267 929 2339 laeti,
945 2279 1102 2349 postquam
1119 2289 1225 2336 omnes

143 2350 337 2430 Agrigentum
354 2351 469 2431 trepido
484 2352 602 2432 agmine
617 2360 753 2432 petentes
768 2353 921 2425 viderunt,
944 2353 999 2434 ipsi
1015 2367 1096 2417 metu
1111 2356 1223 2420 ohsidi-

143 2436 210 2498 onis
225 2436 334 2516 passim
349 2436 379 2497 in
395 2436 520 2499 civitatis
534 2455 693 2517 proxumas
714 2437 825 2517 dilapsi.
856 2437 947 2499 multa
968 2439 1046 2500 milia
1068 2442 1223 2504 hominum

144 2539 239 2595 caesa,
262 2530 346 2601 capta
361 2540 413 2584 ew
427 2521 509 2584 mitia
532 2531 561 2583 et
583 2533 651 2584 octo
674 2522 831 2601 elephanti.
861 2523 934 2582 haec
956 2524 1057 2586 ultima
1079 2526 1109 2587 in
1126 2527 1225 2590 Sicilia

144 2606 273 2669 Marcelli
290 2624 388 2686 pugna
405 2608 470 2668 tuit.
500 2608 592 2668 victor
607 2608 677 2669 inde
692 2607 852 2685 Syracusas
867 2608 962 2668 rediit.

105 2704 121 2754 8
229 2691 289 2753 lam
301 2693 394 2754 terme
410 2692 440 2753 in
453 2693 533 2754 exitu
545 2711 642 2754 annus
654 2699 731 2765 erat;
748 2692 846 2769 itaque
862 2702 984 2756 senatus
995 2693 1106 2756 Romae
1116 2693 1221 2758 decre-

144 2828 243 2887 ratore]
262 2840 282 2877 s.
301 2827 385 2888 38,2
410 2854 441 2863 -
461 2827 494 2876 ab
512 2828 658 2887 amatu..]
744 2829 769 2876 4.
787 2823 887 2890 saltur]
914 2840 936 2877 s.
962 2841 993 2877 au
1021 2828 1063 2891 28,
1084 2829 1125 2891 42,
1149 2833 1225 2881 ¹1.-

144 2904 164 2942 a.
184 2892 226 2954 21,
245 2893 269 2956 3,
290 2896 312 2944 1.
707 2896 835 2958 ρνοηιίιεί
861 2893 940 2955 fidem
964 2897 1111 2960 praestitit]
1137 2911 1159 2951 e.
1182 2899 1224 2962 30,

180 2960 219 3010 ta.
238 2959 365 3020 secunda]
384 2959 417 3008 ist
435 2973 466 3009 zu
481 2974 591 3024 pugnae
602 2957 659 3020 for·
713 2962 813 3022 1219:
833 2977 910 3027 quem
928 2961 965 3012 att
980 2963 1225 3030 modumpromiaai

143 3029 224 3087 tuna,
249 3024 362 3076 welches
380 3025 418 3076 als
442 3026 496 3076 ein
516 3025 613 3093 Begrill
628 3043 658 3079 au
710 3027 790 3089 fidem
806 3033 968 3093 praestarem
987 3028 1078 3082 ladraer
1096 3032 1137 3096 26,
1155 3035 1179 3096 4,
1193 3035 1223 3086 2:

144 3091 291 3143 hetrachten
325 3092 373 3154 ist,
400 3092 580 3161 hinaugelllgt,
608 3095 658 3146 wie
708 3100 850 3162 praestare
865 3099 1039 3162 promiscum
1067 3099 1119 3217 151.
1137 3101 1162 3163 9,
1183 3105 1222 3166 11,

143 3163 216 3211 sonst
233 3174 265 3212 an
283 3158 408 3220 tertuum
436 3175 456 3214 s.
481 3164 506 3225 4,
524 3165 565 3225 61,
584 3167 613 3223 6;
633 3166 658 3226 9,
711 3165 786 3215 2.-
804 3165 1064 3228 auati01mdndlich
1101 3167 1162 3220 urch
1181 3168 1223 3221 die

145 3229 228 3290 16,9ι
243 3226 345 3277 nullius
355 3231 658 3293 pugnaenonseeunda
710 3228 840 3283 Trihuuen
866 3248 897 3283 an
920 3231 962 3283 die
981 3232 1150 3287 Centuriouen
1170 3237 1222 3288 und

142 3292 269 3354 fortunas
295 3298 319 3357 9,
343 3298 384 3358 41,
403 3299 430 3346 5:
454 3298 570 3348 secunda
596 3298 659 3348 delli
709 3298 750 3350 die
778 3300 911 3351 einzelnen
936 3299 1059 3366 Manipel;
1087 3317 1108 3354 s.
1133 3306 1175 3366 25,
1193 3307 1222 3365 9,

141 3360 256 3425 fortuma
276 3367 335 3413 erat
352 3379 376 3413 ιι.
390 3378 413 3414 a.
709 3369 751 3431 21,
771 3370 811 3430 14,
830 3370 858 3429 3;
877 3368 969 3421 ceteri:
989 3376 1052 3420 stati
1070 3371 1200 3424 celeriter.

176 3428 224 3485 41.
245 3435 267 3483 1.
280 3432 424 3493 enimuero]
437 3444 457 3481 s.
471 3432 510 3493 te,
521 3432 658 3482 11.-συὸ-
745 3438 768 3487 6.
786 3439 975 3501 praeterquam
993 3438 1073 3502 quoa]
1097 3452 1118 3490 s.
1136 3440 1161 3505 6,
1180 3441 1222 3499 at.

143 3501 249 3561 amm]
267 3512 288 3550 s.
308 3499 349 3561 26,
370 3499 409 3560 13,
430 3500 470 3549 16.
710 3504 740 3565 1;
760 3504 802 3562 21,
823 3505 861 3565 10,
883 3506 904 3557 1.
923 3531 955 3541 -
973 3507 1101 3570 momen*

178 3568 202 3620 2.
215 3565 390 3628 instruente*l
403 3581 424 3617 s.
437 3581 468 3616 au
481 3567 506 3629 9,
521 3567 658 3619 13.-ἀι·
743 3571 767 3621 6.
784 3571 858 3621 haud
868 3574 963 3636 magni
975 3576 1149 3626 certaminis.
1165 3579 1182 3638 .l
1200 3590 1222 3628 s.

142 3636 207 3697 cem]
231 3635 281 3685 wie
309 3635 351 3698 24,
368 3636 410 3696 41,
435 3635 474 3685 13.
501 3661 533 3671 -
555 3633 657 3698 elliasis]
709 3638 750 3699 34,
771 3641 811 3701 11,
829 3639 858 3691 3ι
875 3640 996 3704 pedestre
1009 3641 1143 3706 proelium
1161 3645 1223 3695 mut-

143 3701 177 3753 ist
195 3714 246 3752 von
266 3700 323 3753 dem
335 3701 413 3753 hoie
423 3700 485 3752 oder
497 3701 547 3752 den
558 3701 655 3767 legelu
708 3705 761 3756 tius
783 3704 869 3766 ferme
892 3711 1048 3759 certaminis
1072 3708 1140 3771 suin
1168 3712 1221 3778 agl.

142 3767 188 3820 aul
205 3767 444 3821 diePterdeselhst
456 3768 655 3835 dhertregems.
708 3773 748 3834 21,
767 3774 809 3837 60,
827 3776 856 3825 t:
879 3790 928 3825 nec
951 3779 1045 3841 magni
1068 3782 1222 3830 certamimis

141 3837 184 3900 37,
202 3837 243 3901 20,
264 3839 307 3890 1οε
381 3851 407 3886 m
425 3837 593 3900 effluisrimir
610 3839 657 3889 ha·
708 3856 738 3890 ea
757 3841 895 3893 dimicatio
913 3841 982 3904 suin
1001 3846 1043 3907 26,
1061 3849 1085 3910 h,
1109 3850 1154 3898 14ι
1172 3863 1222 3899 nec

143 3905 228 3968 terrim
241 3902 393 3957 Vallacc.
403 3906 428 3969 3,
439 3906 504 3958 4963
518 3907 579 3956 sitia
590 3904 656 3957 Gra·
707 3912 802 3973 magni
829 3913 985 3962 certamimis
1009 3928 1066 3964 rem
1092 3911 1160 3973 scre.
1186 3942 1222 3954 -

142 3972 219 4023 diuae
237 3974 346 4024 habenis
369 3970 463 4032 itendit
483 3989 577 4040 epaon
603 3974 656 4041 vgl.
707 3979 849 4041 eraderent]
866 3978 928 4030 aber
945 3995 976 4030 au
991 3978 1094 4042 Pteme,
1113 3982 1165 4048 vgl.
1179 3985 1221 4047 22,

143 4041 184 4104 36,
205 4043 244 4092 11.
263 4069 296 4078 -
315 4057 349 4092 eac
366 4056 477 4091 numero
494 4043 552 4104 suo]
570 4065 603 4085 -
621 4059 657 4093 ea·
708 4046 732 4106 2,
751 4045 781 4104 a,
800 4046 841 4107 26,
859 4048 884 4108 9,
904 4048 943 4100 13.

143 4122 256 4158 numero
273 4123 400 4168 suoram
420 4109 472 4175 vgl.
491 4112 532 4174 40,
553 4112 592 4164 11.
740 4110 789 4180 41,
808 4115 900 4167 6-13.
925 4112 1060 4167 Wahlen
1088 4116 1118 4168 ln
1138 4115 1220 4170 Rom.

177 4176 526 4241 3.eae..de·em]s.mr,
547 4181 569 4230 1.
743 4182 767 4234 6.
786 4184 954 4246 inerim..]
972 4199 992 4235 s.
1011 4185 1147 4248 35‚tt,1:
1166 4190 1220 4236 iam
