2618 4740
138 466 199 525 118
508 456 603 511 staua
619 454 699 511 XXX.
717 454 794 513 Gdl’.
811 458 854 509 12.
1087 479 1111 514 2
1124 480 1149 514 ι,
1160 480 1182 515 2
1192 468 1231 515 a

135 638 300 721 aperirent,
321 632 526 695 circumeundi
547 628 756 709 salutandique
774 627 849 691 deus
868 626 1053 709 agendique
1073 636 1235 709 pratespes

98 738 113 787 ι
135 733 231 787 totum
252 720 329 782 diem
352 716 465 798 populo
486 725 617 798 potestas
639 716 735 777 deret.
765 722 889 795 postero
904 712 956 775 die
967 713 1093 793 legatos
1108 712 1237 775 Masinis·

136 827 187 872 sae
201 807 232 870 in
255 813 390 867 senatum
407 801 581 865 introduxit.
610 799 748 881 gratulati
763 798 896 880 primum
909 798 1039 861 senatui
1053 807 1144 871 sunt,
1162 798 1236 879 quod

96 906 111 957 s
133 895 167 956 P.
186 890 286 972 Scipio
308 904 453 969 prospere
474 906 523 949 res
544 887 574 948 iu
596 885 694 948 dlrica
715 884 872 965 gessissem
893 882 1012 946 deinde
1045 884 1162 965 gnuas
1175 900 1237 964 ege

138 986 223 1049 runt,
245 975 325 1055 quod
342 972 523 1035 Masinissam
541 991 602 1034 non
618 971 797 1052 appellasset
810 967 900 1031 modo
916 986 1040 1051 regem,
1052 968 1108 1031 sed
1125 968 1238 1031 lesinet

137 1058 323 1125 restituendo
345 1058 375 1120 in
398 1067 557 1138 paternum
573 1075 717 1137 regnum,
739 1056 848 1135 inquo
864 1063 935 1137 post
949 1054 1129 1136 Syphacem
1144 1052 1238 1117 subla-

137 1156 217 1220 tum,
239 1145 264 1207 si
286 1144 326 1205 ita
345 1142 478 1223 patribus
498 1143 593 1205 visum
614 1138 709 1217 esset,
729 1141 796 1203 sine
810 1150 892 1202 metu
913 1148 946 1201 et
965 1140 1144 1203 sartamine
1166 1150 1238 1201 esset

100 1244 116 1296 a
137 1239 327 1312 regnatums
347 1227 415 1290 dein
432 1227 642 1291 conlaudatum
657 1246 714 1308 pro
728 1226 872 1288 contione
885 1224 1088 1305 amplissimis
1102 1224 1237 1289 decoras·

139 1325 186 1381 set
210 1313 311 1390 douis;
339 1311 448 1393 quibus
464 1333 502 1375 ne
530 1313 672 1392 indignus
696 1321 783 1385 esset,
809 1319 840 1372 et
859 1307 979 1373 dedisse
1000 1328 1134 1391 operam
1157 1310 1235 1373 Masi·

89 1415 117 1465 tu
138 1402 248 1465 nissam
265 1408 294 1461 et
309 1417 400 1479 porro
416 1399 554 1462 daturum
569 1417 642 1464 esse.
673 1408 787 1479 petere,
805 1404 839 1457 ut
852 1394 971 1474 regium
987 1413 1108 1459 nomen
1127 1406 1237 1458 cetera·

141 1505 200 1568 que
221 1484 371 1565 Scipionis
386 1483 530 1546 beneficia
551 1492 581 1545 et
596 1501 721 1545 munera
735 1489 857 1545 senalus
879 1479 1006 1542 decreto
1031 1481 1237 1545 confirmaret

90 1585 117 1635 tt
139 1582 179 1645 et,
203 1570 259 1633 nisi
275 1569 431 1632 molestum
446 1577 533 1644 esset,
555 1568 627 1630 illud
643 1586 763 1648 quoque
779 1576 883 1647 petere
897 1565 1106 1641 Masinissam,
1131 1577 1166 1629 ut
1180 1566 1238 1629 a‘n·

140 1657 234 1719 midas
255 1654 401 1735 captivos,
424 1655 475 1734 qui
496 1655 607 1716 Romae
629 1654 660 1715 in
676 1652 809 1716 custodia
830 1660 947 1725 essem,
969 1652 1183 1715 remitterent.
1212 1652 1237 1713 id

90 1755 118 1806 12
139 1741 197 1805 sibi
223 1740 353 1821 amplum
379 1738 457 1820 apud
476 1739 636 1821 populares
662 1738 796 1800 futurum
816 1754 892 1799 esse.
928 1734 967 1798 sd
990 1754 1029 1797 ea
1054 1756 1237 1818 responsum

140 1826 257 1908 legatis:
278 1842 378 1886 rerum
395 1832 544 1904 gestarum
558 1842 703 1907 prospere
718 1824 749 1885 in
765 1821 862 1885 dlrics
878 1838 1079 1884 communem
1096 1822 1158 1886 sibi
1174 1842 1238 1885 cum

141 1930 211 1992 rege
232 1910 459 1990 gratulationem
486 1927 566 1983 esse;
594 1909 764 1991 Scipionem
790 1916 870 1970 recte
895 1916 987 1985 atque
1008 1905 1126 1970 ordine
1150 1908 1238 1970 videti

141 1997 261 2067 iecisse,
283 1994 363 2073 quud
385 2012 452 2055 eum
470 2013 569 2074 regem
587 1993 792 2076 appellaverit,
815 2002 845 2055 et
858 1990 1004 2073 quidquid
1020 1991 1107 2055 aliud
1124 1992 1239 2065 iecerit,

142 2080 221 2160 quod
244 2078 327 2139 cordi
350 2079 427 2139 toret
442 2078 628 2152 Masinissae,
650 2080 680 2143 id
699 2089 799 2161 patres
820 2076 1021 2158 comprobare
1045 2095 1086 2140 ac
1107 2078 1238 2142 laudare.

92 2177 119 2228 13
141 2181 281 2236 munera,
306 2181 381 2241 quae
402 2163 490 2242 legati
512 2165 626 2226 ferrent
641 2166 720 2247 regi,
742 2165 938 2226 decreverunt
952 2162 1060 2242 sagula
1085 2182 1239 2245 purpurea

142 2250 201 2313 ‹luu
223 2265 289 2310 cum
305 2246 406 2310 dbulis
427 2248 524 2310 aureis
545 2250 671 2330 singulis
686 2261 715 2313 et
730 2251 789 2312 lato
805 2249 886 2311 clavo
909 2247 1039 2319 tunicis,
1065 2268 1167 2329 equos
1182 2251 1240 2312 duo

141 2364 402 2432 Begrdlsuugmalos,
413 2366 522 2435 salveto)
537 2367 586 2419 uud
598 2365 659 2419 Ver·
712 2370 761 2418 dass
778 2367 835 2418 eine
855 2363 997 2417 besondere
1022 2367 1114 2417 oratio
1133 2366 1239 2435 obliqua

142 2436 240 2500 ehrung
261 2433 306 2486 der
329 2433 421 2486 Gdtter
444 2434 593 2500 gebrauchl,
615 2436 659 2487 be·
711 2437 818 2503 (quidus
834 2457 868 2477 ι-
885 2435 919 2483 iis
937 2435 1049 2496 uuum).

141 2502 248 2556 sonders
267 2503 307 2554 bei
327 2502 376 2555 den
390 2503 521 2568 tiglichen
534 2503 658 2565 (lebetes,
749 2508 787 2556 10.
797 2503 896 2568 petes-s]
909 2500 979 2553 nieht
991 2518 1030 2566 ss,
1041 2501 1162 2556 sondern
1173 2520 1241 2565 susa,

142 2588 183 2625 sm
210 2570 315 2638 Morgen
343 2571 394 2623 uud
421 2570 519 2635 abead,
549 2572 590 2623 bei
614 2571 660 2624 der
710 2596 744 2618 -
761 2564 798 2623 ‘er
822 2570 889 2622 lasse
913 2563 1022 2621 billeu'.

141 2639 258 2692 dnkuuit
281 2640 314 2689 im
334 2638 417 2689 llause
442 2654 520 2699 usw.;
544 2640 596 2706 egl.
615 2641 659 2704 33,
749 2642 776 2692 11
797 2655 840 2689 om
860 2638 924 2701 lum]
943 2651 971 2688 es
990 2636 1083 2690 werde
1103 2639 1158 2691 ihm
1172 2639 1238 2691 Aeli·

143 2712 185 2769 at,
205 2710 233 2759 8:
252 2712 281 2759 tn
295 2708 457 2772 Capitolium
476 2707 513 2758 od
531 2708 656 2760 Iouem..
711 2715 774 2774 tang
792 2723 825 2758 un
862 2705 981 2757 dnsehen
998 2706 1180 2771 rereshallen,
1199 2707 1238 2759 ldr

143 2781 295 2841 ceterosque
313 2776 375 2827 deos
391 2775 549 2826 salutandos
562 2778 614 2827 ilo.
626 2806 657 2814 -
710 2776 753 2828 ilm
773 2774 904 2827 ehrenvoll
924 2774 995 2833 sein;
1016 2788 1037 2825 s.
1057 2776 1164 2838 3313.

143 2849 199 2896 totu
217 2847 293 2908 tarde]
314 2858 335 2897 s.
354 2846 395 2906 tt,
409 2847 451 2902 51,
465 2847 488 2897 3.
509 2872 541 2883 -
559 2844 659 2909 agendi
748 2847 788 2896 12.
798 2857 961 2895 communem
974 2878 981 2893 .
995 2879 1002 2890 .
1015 2845 1083 2906 esse]
1094 2844 1138 2895 sie
1149 2845 1237 2896 hitten

140 2916 244 2978 grates]
257 2928 277 2964 s.
291 2914 331 2975 23,
348 2916 387 2975 11,
403 2913 500 2975 12;21,
518 2913 658 2978 ld‚2;ugl.
710 2912 806 2964 ebeuso
834 2911 884 2963 wie
914 2909 959 2961 der
988 2908 1078 2977 Kdnig
1111 2910 1239 2975 Ursache,

143 2982 206 3048 §82
222 2984 330 3045 gratias
348 2984 468 3045 egerunt.
492 3009 524 3017 —
545 2997 595 3046 pes·
619 2985 658 3032 to·
710 2980 765 3032 sich
795 2978 956 3047 gageriaeitig
982 2976 1070 3030 Gldck
1104 2994 1138 3031 sn
1163 2985 1237 3032 wun-

143 3054 200 3099 tum
218 3049 298 3113 diem]
320 3050 354 3100 ist
374 3063 420 3098 nur
439 3051 496 3100 eine
515 3047 658 3116 vorliuflge
710 3049 803 3107 schem
822 3046 873 3113 egl.
886 3049 928 3110 25,
940 3049 983 3111 35,
995 3048 1025 3106 2;
1046 3048 1091 3107 23,
1106 3050 1152 3115 23,
1165 3053 1191 3104 5.
1207 3076 1238 3086 -

143 3115 301 3181 anordnung
323 3115 368 3167 des
387 3116 490 3169 Prilors
514 3116 555 3168 idr
577 3118 657 3182 jessen
710 3121 782 3167 reete
800 3120 881 3181 etque
899 3114 1002 3178 ordine]
1024 3130 1045 3166 s.
1064 3114 1112 3177 28,
1132 3119 1177 3182 39,
1198 3119 1238 3170 ta.

142 3182 209 3248 Tag;
239 3182 280 3234 die
304 3199 362 3235 vom
388 3184 467 3236 Seuat
491 3186 656 3237 anberaumte
709 3214 741 3224 -
760 3185 856 3248 videm]
884 3182 954 3234 nieht
971 3175 1150 3251 ‘scheinbsr',
1175 3200 1234 3237 sou·

142 3250 297 3316 supplicatio
329 3252 355 3317 (5
374 3253 399 3314 Sl
426 3250 508 3305 flndot
540 3269 571 3305 su
603 3256 657 3305 uier
707 3252 769 3304 deru
795 3246 870 3304 ‘nacla
889 3250 956 3303 ihrer
975 3248 1118 3311 dnsichl'3
1148 3268 1170 3305 a.
1195 3256 1238 3307 35.

141 3322 260 3385 apileren
283 3316 371 3383 Tagen
392 3325 466 3378 slatt;
492 3322 543 3388 spi.
566 3326 608 3386 43,
628 3326 656 3382 dt
708 3324 750 3382 11,
769 3324 793 3374 6.
820 3348 854 3357 -
880 3319 958 3370 eos-di
975 3316 1060 3382 forst]
1092 3321 1162 3373 uach
1177 3320 1236 3372 dem

142 3388 183 3447 21,
197 3390 239 3449 51,
253 3387 304 3445 71.;
324 3391 365 3445 45,
376 3389 400 3447 2,
413 3390 436 3440 6.
456 3390 480 3441 8.
708 3388 805 3441 llersen
827 3388 902 3451 wire,
925 3409 958 3430 -
977 3387 1129 3452 aagenelmn
1151 3390 1235 3447 mim

177 3460 199 3508 3.
219 3457 394 3520 restituendo]
423 3456 501 3508 durch
533 3456 575 3510 die
605 3473 655 3510 coa
707 3474 728 3510 s.
748 3459 880 3521 aalma.
900 3459 978 3520 ²⁰27·
996 3483 1032 3493 -
1049 3456 1109 3521 idl*

143 3523 230 3587 Scipio
257 3525 431 3590 angeordnete
458 3524 656 3579 Wiederelusct·
746 3528 785 3578 13.
810 3524 908 3589 sagula
932 3526 1084 3590 purpuras]
1116 3526 1170 3577 wie
1195 3525 1239 3577 dir

143 3593 297 3654 sunm-ss·
314 3594 403 3655 ila..]
422 3592 467 3643 der
485 3592 659 3660 llouptzweclt
711 3593 755 3645 der
768 3591 1012 3645 Feldherrnmintel.
1040 3590 1238 3659 Dssssgulum

144 3659 189 3709 der
213 3656 411 3710 Gesandtschait
439 3674 493 3710 war
512 3661 589 3725 wohl,
617 3662 659 3714 die
712 3661 799 3714 wtsrde
818 3662 865 3714 mit
876 3661 946 3713 einer
963 3659 1048 3723 tldulu
1068 3675 1237 3714 zusammen-

144 3726 320 3792 Zuslimmung
347 3726 392 3778 des
419 3726 527 3779 Senatus
555 3743 584 3780 au
609 3728 657 3781 den
711 3730 843 3797 palmitem
866 3728 912 3781 der
934 3728 1027 3780 Zussls
1052 3744 1116 3780 eum
1141 3731 1238 3793 filulis

144 3795 334 3862 dnordnungcu
354 3794 454 3863 Scipios
473 3811 502 3848 au
522 3795 657 3864 erlangem
711 3800 810 3865 lesapt,
829 3798 886 3849 dass
905 3796 945 3848 die
957 3795 1058 3858 fibulae
1071 3796 1111 3848 als
1132 3813 1166 3852 su
1187 3800 1237 3851 deu

143 3863 228 3917 direkt
247 3864 335 3917 wdrde
362 3880 389 3916 es
409 3864 520 3917 helisea:
546 3869 575 3916 iu
594 3883 657 3933 puo,
709 3870 806 3932 sagula
826 3866 933 3932 pehdrip
955 3865 1151 3930 mitgeschenkt
1173 3884 1238 3920 wer·

141 3937 167 3982 si
184 3936 223 3984 ila
245 3936 320 3984 colis
338 3937 423 3985 otsrrm
442 3937 502 3998 erit,
520 3938 656 4001 reguabit.
709 3934 758 3986 den
782 3934 844 4001 (egl.
863 3951 894 3988 su
914 3936 961 3998 21,
980 3936 1027 3996 13,
1048 3936 1104 3997 12),
1131 3950 1166 3988 au
1187 3936 1238 3988 den

178 4006 202 4056 ll.
222 4002 322 4056 dein..
349 4004 508 4066 decorasset]
535 4004 569 4057 ist
592 4004 656 4056 such
709 4004 798 4069 sagula
825 4003 930 4069 gehdrle
958 4000 1000 4053 die
1025 4003 1118 4054 weilse
1146 4006 1237 4056 tunica

143 4069 209 4120 noch
237 4086 288 4121 ron
312 4076 420 4135 gratius
447 4077 560 4137 egerunt
586 4073 659 4138 quod
709 4068 1238 4136 mitdombreitenPurpurslrcilenlsucls

142 4136 285 4203 abhiupiffl
299 4137 413 4206 dagegen
426 4141 532 4207 bapinnt
545 4141 584 4193 bei
598 4145 657 4207 qui·
709 4156 740 4191 zu
759 4144 858 4192 ironicis
876 4140 967 4207 gelidat
985 4140 1125 4204 airrgrelis).
1168 4128 1240 4193 [³1.ss
