2618 4740
624 474 792 531 lantocai.

626 1201 664 1285 Τ.
691 1199 788 1284 LIVI

300 1356 348 1417 ra
373 1355 473 1417 caan
496 1354 661 1418 conarri
685 1354 789 1418 urani
811 1353 887 1416 xxv
910 1354 1114 1419 runrccnl.

255 1523 283 1576 P.
296 1523 428 1576 Cornelius
446 1522 548 1591 Scipio,
570 1529 660 1590 postea
678 1522 829 1586 Africanus,
852 1526 912 1574 ante
935 1536 1018 1574 annos
1040 1521 1131 1574 aedilis
1155 1522 1249 1579 tactus.

170 1591 296 1644 Hannibal
308 1591 398 1644 urbem
409 1590 540 1644 Tarenton
552 1597 653 1658 practer
669 1605 762 1654 arcem,
780 1590 805 1642 iu
819 1603 896 1657 quarn
908 1590 1063 1657 praesidinm
1075 1589 1249 1644 Romanorum

171 1661 285 1728 ingerat,
303 1674 348 1726 per
364 1659 516 1712 ‘l'arcntincs
534 1660 656 1722 iuvenes,
682 1659 727 1726 qui
745 1672 773 1710 se
791 1663 869 1710 noctu
888 1665 1010 1710 venatum
1029 1659 1066 1711 ire
1083 1658 1248 1724 simulabant,

171 1729 247 1796 cepit
283 1727 336 1779 ludi
355 1726 516 1793 Apollinares
539 1742 571 1778 ex
593 1725 671 1779 blarci
694 1726 862 1788 carminibus,
885 1725 979 1793 quibus
997 1725 1139 1779 Cannensis
1161 1725 1249 1781 cluulcc

132 1795 147 1844 b
170 1796 299 1865 praedicta
313 1795 405 1859 iuerat,
417 1795 527 1847 instituti
539 1800 607 1847 runt.
638 1809 652 1846 a
671 1792 701 1854 Q.
716 1792 805 1846 Fulvio
818 1798 845 1846 et
863 1793 910 1861 Ap.
923 1792 1029 1847 Glaudlc
1041 1793 1194 1848 ccncnllbns
1205 1794 1250 1848 aul·

171 1878 262 1918 versus
279 1861 429 1914 Hannonem
448 1862 592 1915 Poenorum
611 1861 701 1914 ducem
721 1875 844 1927 prospere
862 1865 1004 1928 pugnatum
1020 1866 1068 1915 cst
1103 1860 1163 1915 Tib.
1176 1861 1249 1917 Sem·

172 1932 277 2000 pronius
288 1929 418 1982 Gracchus
436 1929 582 1996 proconsul,
601 1929 633 1981 ab
652 1928 753 2048 bcsssitc
772 1945 820 1982 suu
832 1928 934 1982 Lucano
952 1930 977 1981 in
990 1928 1098 1983 insidias
1115 1928 1250 1996 deuinctus,

171 1997 304 2064 ablagcne
315 1997 466 2050 interiectus
476 2002 524 2049 cat.
551 1996 689 2049 Centenius
720 1998 820 2063 cenula,
851 1997 877 2049 ui
886 1997 1002 2051 centurio
1013 1997 1249 2064 militaveratcnm

171 2065 280 2132 petisset
291 2078 306 2116 a
318 2070 419 2123 senatu,
432 2072 461 2117 ut
473 2064 521 2116 sibi
531 2064 659 2116 exercitus
668 2064 779 2128 daretur,
792 2013 975 2133 publicituaqne
984 2070 1062 2130 esset,
1074 2065 1097 2118 si
1105 2065 1157 2119 buc
1168 2065 1259 2147 impe·-

120 2128 149 2180 10
172 2136 272 2195 trasset,
285 2131 317 2183 de
329 2130 470 2183 Hannibale
484 2132 624 2196 victoriam,
636 2134 687 2183 iffi
701 2135 815 2197 acceptis
833 2133 943 2185 militnm
960 2133 1011 2184 dux
1030 2133 1113 2186 iactur
1131 2133 1250 2187 cunilrntt

172 2201 290 2252 aciacum
296 2198 437 2251 Hannibale
447 2205 472 2251 cl
481 2215 539 2251 cum
549 2201 758 2253 exercitucuesus
767 2205 815 2253 cst.
834 2200 919 2267 Capua
930 2201 1035 2254 obsessa
1045 2206 1110 2254 estu
1120 2199 1249 2262 Mulvio

172 2274 199 2320 et
211 2267 258 2335 rip.
269 2265 375 2320 Claudio
387 2267 545 2321 consulibus.
575 2268 620 2320 Gn.
634 2269 739 2321 Fulvius
751 2273 854 2334 practcr
867 2269 933 2321 male
945 2268 1068 2321 adversus
1079 2267 1249 2323 Hannibalem

173 2336 305 2403 pugnavit,
322 2336 348 2388 iu
367 2352 418 2402 quc
431 2337 529 2402 proelio
541 2340 576 2388 ῐῐ
588 2337 719 2389 bominum
737 2335 896 2397 ceciderunt;
915 2337 971 2403 ipse
984 2352 1041 2390 cunr
1053 2336 1186 2404 equitibus
1203 2336 1250 2390 du·

173 2404 253 2457 centia
271 2403 368 2471 elingit.
403 2403 524 2457 Claudius
542 2404 678 2458 Marcellus
696 2404 837 2471 Syracusas
862 2405 1020 2472 expugnarit
1041 2405 1118 2458 tertio
1136 2419 1205 2458 annu
1223 2411 1250 2458 et

122 2471 150 2521 lb
171 2475 301 2540 ingentem
319 2487 347 2525 ac
371 2473 453 2525 virum
471 2473 559 2539 gessit.
595 2473 620 2524 in
640 2489 672 2526 eu
690 2471 800 2527 tumultu
824 2478 914 2540 captae
936 2473 1007 2526 urbis
1025 2472 1193 2526 Archimedes
1210 2474 1249 2525 in·

170 2547 257 2595 tentus
270 2542 366 2605 lcrmts,
384 2556 449 2609 quaa
461 2542 487 2593 iu
501 2541 605 2608 pulvere
619 2541 797 2608 descripserat,
809 2540 959 2593 interiectus
971 2548 1018 2594 eat.
1046 2541 1076 2594 l’.
1089 2547 1117 2593 ct
1134 2540 1181 2593 Gn.
1193 2539 1248 2593 Sci·

169 2612 261 2678 piunes
281 2615 306 2662 in
319 2609 440 2692 Hispania
459 2615 598 2692 tuturerum
617 2610 726 2691 iclicitcr
744 2613 872 2674 gesturum
892 2609 991 2690 tristem
1009 2608 1106 2690 exitum
1124 2608 1248 2689 tulerunt,

170 2694 319 2814 talitali
334 2684 397 2799 ll:
410 2676 1249 2814 {liliicittii‘’tulftl¹²1t¹l2lllllt¹¹lllll

118 2809 146 2859 2⁰
169 2816 264 2866 virtute
282 2820 309 2866 et
326 2814 450 2866 industria
469 2815 608 2866 contructis
621 2814 777 2866 exercituum
796 2812 913 2879 reliquiis
931 2812 1045 2865 eiusdem
1065 2813 1168 2865 bcrtutu
1188 2811 1247 2866 bina

170 2886 253 2934 castra
273 2881 383 2933 huetium
407 2886 552 2947 expugnata
570 2888 664 2933 essent.
695 2880 726 2933 ad
743 2880 816 2932 ῑκῖιῑ
828 2896 911 2943 caesa,
929 2898 946 2927 a
964 2896 995 2933 ex
1013 2880 1084 2933 mille
1103 2880 1247 2948 octingenti

171 2946 263 3015 praed·
281 2949 372 3014 ingens
390 2951 473 3013 capta.
509 2950 560 3001 dux
577 2946 687 3002 Marcius
705 2950 851 3015 appellatus
869 2956 916 3002 cst.

255 3082 296 3133 21.
315 3086 393 3146 xxvu]
407 3083 475 3134 wohl
489 3082 678 3137 Scbrciblcblcr
689 3089 753 3137 statt
764 3096 857 3135 narn.
869 3110 903 3123 -
915 3083 958 3149 cml
971 3082 1043 3134 wcbl
1055 3081 1249 3136 Sclrreiblebler

170 3155 233 3202 atutt
250 3149 292 3202 ad.
310 3178 343 3189 -—
356 3154 512 3217 octingcnb]
531 3156 698 3218 octingentcr
716 3151 767 3215 ΝΡ,
787 3153 948 3217 octingentis
964 3154 1003 3216 ςῐ.
1022 3178 1055 3189 -
1074 3152 1115 3204 22
1130 3152 1248 3217 pracda]

171 3216 321 3270 vermutlicb
340 3218 374 3270 iat
389 3220 545 3285 praedaque
562 3236 593 3272 zu
613 3221 754 3273 schreiben.
