2618 4740
57 577 80 611 a.
93 567 147 610 car.
160 576 185 610 ι.
199 565 246 609 212
420 549 514 602 blBEll
532 549 611 602 XXV.
646 549 718 604 (bll‘.
740 552 779 606 13.
1080 551 1142 612 149

58 735 167 786 tornae
182 722 349 785 obsidionis
364 741 428 785 esse
439 724 523 795 solet,
539 724 596 785 iam
612 724 718 784 famem
729 724 870 805 Campani
881 724 1058 798 sentiebant,
1074 728 1142 806 quia

58 819 225 872 aeneooem
242 810 339 870 lacere
361 808 578 888 prohibuerant
591 828 644 871 eos
658 808 785 871 Romani
799 811 956 872 exercitus.
986 811 1086 890 itaque
1101 813 1144 874 le·
1166 822 1181 872 a

59 904 144 976 gatos
159 895 196 956 ad
212 893 411 955 Hannibalem
434 894 581 956 miserunt
596 903 733 969 orantes,
750 904 798 969 ut,
813 896 987 976 priusquam
1003 897 1143 960 consoles

60 981 90 1042 ia
105 998 197 1061 agros
217 999 290 1041 suos
305 978 469 1041 educerent
483 979 632 1058 legiones,
656 979 778 1060 viaeque
792 999 897 1042 omnes
912 981 1040 1042 hostium
1056 1001 1141 1062 prae-

59 1065 142 1128 sidiis
157 1065 370 1136 insiderentur,
385 1065 568 1126 frumentum
584 1082 620 1126 er
635 1065 814 1144 propinquis
829 1065 903 1127 locis
918 1066 1042 1127 convehi
1057 1068 1142 1129 iube-

60 1160 103 1212 ret
126 1150 269 1231 Capuam.
300 1149 450 1210 Hannibal
473 1149 651 1211 Hannonem
674 1169 710 1211 es
730 1151 853 1213 Bruttiis
874 1168 942 1211 cum
965 1152 1142 1214 exercituin
1165 1163 1180 1212 a

61 1235 255 1317 Cnopanian
278 1234 406 1296 transire
428 1242 460 1295 et
481 1235 551 1296 darc
572 1253 709 1315 operam,
732 1245 766 1296 ut
787 1236 927 1297 frumenti
952 1237 1036 1316 copia
1059 1239 1142 1298 lieret

61 1320 231 1402 Campanis,
248 1320 345 1382 iussit.
375 1318 484 1380 Hanno
499 1337 535 1380 ex
549 1320 672 1381 Bruttiis
695 1322 847 1399 proiectus
868 1339 935 1381 cum
952 1323 1085 1384 exercitu
1099 1324 1141 1383 ri·
1163 1337 1179 1386 t

61 1404 213 1469 abundus
228 1414 324 1467 castra
340 1405 470 1466 bostium
486 1405 700 1484 consulesque,
716 1406 766 1485 qui
782 1407 812 1467 in
829 1406 949 1467 Samnio
965 1417 1059 1480 erant,
1074 1425 1143 1470 oum

63 1491 233 1554 beneremo
249 1490 307 1551 ism
323 1489 590 1569 adpropinquaret,
613 1491 667 1552 tria
687 1491 765 1551 milia
781 1509 921 1571 passuum
936 1490 974 1551 ab
989 1491 1052 1570 ipsa
1068 1493 1143 1554 urbe

62 1577 128 1639 loeo
143 1575 225 1638 edito
240 1585 335 1637 eastra
351 1575 465 1655 posuit;
480 1576 550 1636 inde
565 1595 601 1636 ex
616 1576 704 1638 sociis
719 1576 797 1637 cirea
813 1575 942 1655 populis,
958 1592 1018 1652 quo
1033 1587 1143 1638 aestate
1165 1590 1180 1638 o

64 1671 286 1743 comportatum
302 1671 379 1734 erat,
401 1661 504 1721 derebi
525 1661 708 1723 frumentum
724 1660 754 1722 in
779 1671 874 1722 castra
889 1660 975 1722 iussit
989 1662 1142 1739 praesidiis

62 1747 151 1820 datis,
173 1764 251 1826 quae
267 1754 450 1806 commeatus
465 1764 517 1807 eos
539 1754 803 1826 prosequerentur.
835 1744 964 1824 Capuam
980 1744 1049 1805 inde
1066 1764 1144 1807 nun·
1165 1759 1181 1806 o

63 1832 135 1895 tica
151 1831 249 1905 misit,
271 1849 329 1910 qua
345 1830 392 1891 die
407 1830 437 1892 in
462 1831 565 1892 castris
579 1832 615 1892 ad
637 1831 842 1911 accipiendum
858 1832 1040 1891 frumentum
1056 1849 1142 1911 prae·

63 1926 109 1979 sto
123 1925 227 1979 esseut
241 1915 324 1977 omni
341 1914 473 1995 undique
487 1934 599 1995 genere
614 1917 816 1977 vehiculorum
831 1917 1092 1995 iumentorumque
1106 1935 1144 1978 ex

64 2001 140 2082 agris
155 2009 321 2063 contracto.
351 2000 381 2061 id
397 2019 452 2080 pro
468 2010 566 2062 cetera
581 2002 717 2063 socordia
730 2001 976 2081 neglegentiaque
991 2003 1143 2082 aCampa·
1166 2012 1181 2061 t

64 2086 239 2160 aisactum3
254 2086 343 2167 paulo
355 2086 422 2165 plus
434 2085 650 2166 quadringenta
661 2087 793 2148 vehicula
806 2088 893 2149 missa
908 2096 938 2148 et
949 2104 1042 2166 pauca
1057 2106 1143 2168 prae·

66 2182 144 2233 terea
160 2172 302 2233 iumenta.
329 2170 368 2231 ob
384 2171 413 2232 id
428 2170 577 2251 castigatis
592 2171 628 2232 ab
646 2171 804 2246 Hannone,
820 2172 899 2251 quod
917 2191 954 2232 ne
970 2173 1062 2234 iames
1077 2173 1142 2252 qui-

65 2258 141 2332 dem,
156 2275 234 2336 quae
245 2266 342 2317 mutas
353 2256 530 2317 accenderet
544 2256 662 2329 bestias,
678 2276 778 2318 curam
792 2276 895 2319 eorum
907 2257 1058 2319 stimulare
1073 2276 1142 2337 pos·

65 2351 119 2416 set,
135 2341 191 2403 alia
207 2341 340 2422 prodicta
355 2341 418 2402 dies
433 2340 468 2401 ad
485 2341 669 2403 frumentum
685 2343 795 2403 maiore
812 2350 954 2422 apparatu
971 2344 1142 2420 petendum.

66 2459 181 2510 ulan.
195 2460 212 2521 .]
234 2456 293 2509 dem
313 2456 415 2519 Worte,
434 2457 536 2508 uorsnl
553 2472 581 2508 es
634 2457 786 2508 sermutlicn
812 2457 838 2507 in
861 2455 992 2507 Samnium
1010 2455 1143 2522 blagaaine

66 2525 121 2578 aleb
131 2524 375 2589 beaiebtffamorn),
387 2525 582 2591 roraogestellt,
635 2525 743 2591 snlegeu
762 2525 859 2582 lamen,
879 2523 942 2573 uber
959 2539 1012 2588 quo
1024 2540 1044 2575 s
1058 2539 1088 2574 ao
1099 2526 1143 2583 21,

67 2594 118 2645 vie
140 2593 157 2660 5
182 2596 207 2646 b.
249 2592 396 2644 obsidionis
421 2608 475 2643 esre
501 2594 582 2644 solat:
635 2596 657 2645 1.
674 2621 708 2632 -
727 2594 835 2653 autore]
859 2589 904 2641 der
921 2589 1014 2642 Herbst
1036 2591 1070 2642 ist
1088 2591 1143 2641 also

68 2661 138 2714 einer
146 2662 251 2713 obsidio
260 2661 450 2727 auaugebbreo,
460 2660 484 2712 d.
495 2661 519 2712 b.
529 2657 580 2712 ‘bei
633 2660 713 2711 sebon
732 2659 899 2723 eingetreten.

66 2730 137 2783 einer
146 2729 251 2781 obsidio
263 2729 422 2781 eiuautreteo
437 2724 535 2794 pllegt‘.
547 2756 582 2768 -
669 2732 692 2780 6.
698 2725 970 2791 ersent1aoscopuom
978 2724 1143 2785 aoerltliren;

67 2803 208 2848 masten
225 2797 317 2860 [oens
333 2798 541 2862 prohibuerant]
560 2811 580 2848 s.
634 2796 733 2847 entbilt
745 2792 1017 2858 dastbitigeSubjeltt
1030 2798 1144 2845 auomni

68 2866 204 2930 23431,
224 2864 376 2917 sermutllcb
395 2879 450 2915 war
467 2880 496 2916 es
514 2865 579 2916 aucb
633 2868 813 2915 ..contracto

67 2933 179 2986 naebber
201 2935 228 2986 iu
250 2933 299 2985 den
325 2932 461 2998 folgenden
484 2931 579 2984 labren
667 2934 689 2983 ’1.
707 2947 758 2994 pro
779 2936 866 2982 cetera
883 2930 1018 2993 socordio]
1036 2930 1083 2982 nsit
1100 2930 1145 2982 der

67 3001 228 3068 gerebebem
245 3001 298 3068 rgl.
320 3003 419 3065 15,18.
630 2992 720 3052 ‘ronst’
745 2999 780 3061 (in
805 2998 872 3050 olleo
898 2998 1008 3050 anderen
1028 2997 1142 3050 Verbilt-

99 3072 125 3122 2.
143 3069 248 3134 lagatos
260 3106 267 3122 .
280 3107 287 3122 .
301 3072 415 3132 oranter]
430 3068 479 3118 wie
491 3068 533 3127 31,
551 3069 578 3126 2;
633 3068 730 3129 nissen)
749 3067 790 3119 die
803 3066 947 3132 llsmpaner
959 3083 989 3119 au
1011 3067 1143 3119 verlabren

66 3140 109 3203 21,
127 3139 153 3201 b,
171 3139 200 3193 2:
220 3139 262 3201 2⁴1,
274 3138 317 3202 29,
333 3141 359 3197 lt
378 3137 431 3202 rgl.
445 3138 486 3199 21,
508 3137 545 3197 12,
556 3138 580 3187 2.
633 3135 758 3202 pdegten;
777 3150 809 3186 ao
827 3139 914 3185 colera
932 3135 983 3201 vgl.
1002 3137 1044 3199 34,
1066 3137 1144 3197 36,1.

98 3210 124 3259 3.
149 3208 228 3272 eopia
251 3204 328 3268 fleret
347 3204 498 3269 Componis]
524 3203 580 3254 dcis
632 3232 665 3239 —
689 3203 898 3268 quadringenta]
922 3201 1062 3269 ollerdings
1086 3202 1144 3255 eine

65 3272 107 3326 tte
119 3272 182 3326 Ham
202 3288 264 3325 ouer
276 3269 582 3324 ‘nit..rersenensur-
633 3271 738 3338 geringe
757 3270 817 3322 Zabi
841 3272 875 3322 im
895 3269 1031 3337 Vergleielr
1050 3286 1080 3322 ao
1099 3269 1145 3322 der

65 3336 132 3401 den’3
150 3289 204 3408 agl.
223 3340 296 3395 Caes.
314 3339 366 3394 HG.
387 3344 409 3403 1,
427 3342 469 3401 28,
487 3341 512 3391 3.
632 3339 724 3391 Grolse
734 3338 778 3391 der
788 3338 862 3390 Stadt
877 3339 927 3391 und
942 3340 986 3389 der
996 3337 1144 3405 Forderong

100 3413 125 3461 4.
146 3409 243 3461 Hanno
262 3425 297 3459 aa
315 3409 439 3471 Bruttiis}
457 3408 522 3460 uber
539 3406 580 3459 die
631 3409 696 3471 §oz
715 3411 789 3459 omni
803 3423 913 3471 μῆνα
933 3407 1068 3472 vgl.§lli.
1099 3405 1144 3458 lile

68 3475 268 3544 wlederbolung
290 3476 425 3529 desselben
451 3474 540 3528 Worte
558 3489 578 3529 s.
631 3477 753 3540 cebieulgr
771 3475 853 3527 selbst
865 3475 929 3537 sind,
948 3474 998 3525 wie
1016 3491 1051 3525 aa
1068 3478 1145 3539 agris

65 3559 97 3597 sn
107 3547 149 3605 24,
164 3547 206 3609 12,
219 3549 290 3601 ’1.-
303 3545 466 3595 uitabundus
478 3548 578 3608 costra]
630 3544 707 3609 zeigt,
730 3543 963 3608 Okouomiewogeu
987 3543 1143 3606 (plnmtralr

65 3615 579 3679 sarumtasopropsconttonaosn-
630 3627 651 3664 a.
672 3615 712 3674 11,
732 3616 777 3672 11;
798 3611 875 3663 Varro
901 3611 926 3662 b
946 3611 972 3673 b,
990 3612 1014 3672 5,
1035 3610 1091 3662 180.
1111 3637 1142 3646 -

65 3682 114 3734 lar
125 3682 303 3742 σίνιιιιιιίῠαις
315 3679 378 3732 Sall.
394 3681 483 3745 fragm.
496 3683 520 3743 3,
536 3682 580 3732 19:
633 3682 664 3730 ob
682 3681 721 3743 id]
734 3681 797 3745 geht
809 3680 854 3731 aul
864 3679 910 3730 das
923 3676 1144 3742 Vorhergebende,

66 3751 227 3803 numam
245 3749 368 3808 classem
393 3748 458 3800 Geli.
480 3752 519 3810 11,
541 3752 580 3810 15,
632 3749 705 3814 quod
714 3748 759 3798 sol
768 3748 814 3800 das
824 3746 961 3812 Fulgeude.
972 3775 1007 3787 -
1019 3749 1106 3797 mutar
1120 3783 1144 3798 ..

66 3820 92 3870 i:
103 3819 314 3887 populabundus
331 3832 428 3881 ugron
446 3821 519 3868 soost
536 3831 580 3881 ge·
632 3818 736 3879 baetim]
755 3831 775 3868 s.
794 3818 901 3880 ’1,1,6;
920 3813 952 3867 ds
971 3814 1012 3866 die
1032 3813 1145 3882 Spracbe

65 3884 172 3940 bnsebt
194 3885 251 3939 liv.
281 3885 352 3937 diese
371 3883 509 3950 Adjelrtire
537 3885 581 3936 sol
632 3884 680 3935 den
700 3882 835 3935 nusamet
853 3883 899 3935 des
917 3881 1070 3934 Gadankens
1089 3896 1145 3933 rer-

65 3954 168 4008 mneos
186 3970 235 4007 nor
247 3954 360 4017 absolut,
378 3954 422 4005 bat
440 3953 506 4003 ihrer
519 3953 581 4005 aber
632 3950 742 4013 mittelt,
765 3965 795 4002 so
819 3952 854 4002 ist
872 3950 918 4002 dae
936 3948 996 4001 Tier
1014 3952 1052 4001 sls
1069 3953 1144 4000 nura

65 4023 147 4086 netu
175 4038 197 4076 a.
228 4027 269 4087 14,
301 4024 339 4076 ll.
366 4050 400 4061 -
427 4023 529 4084 rastro]
555 4021 580 4072 ln
632 4015 747 4088 (ἄλογοι)
781 4018 899 4084 augleicb
934 4009 1144 4083 ‘unverobultig'.

65 4089 194 4146 sehsten
213 4095 246 4156 (s.
260 4093 285 4153 3,
295 4092 321 4153 b)
338 4089 388 4140 und
402 4089 428 4140 in
439 4088 580 4140 Samnium,
632 4116 663 4125 —
683 4086 849 4148 accenderet]
868 4102 888 4138 s.
907 4101 939 4137 ao
959 4087 999 4148 21,
1018 4086 1059 4147 58,
1077 4085 1143 4136 o.-

97 4165 121 4217 b.
139 4158 227 4230 circo]
245 4158 388 4212 attributis.
413 4185 445 4197 -
465 4156 540 4222 quo*
552 4193 580 4210 ..
650 4156 837 4217 mirtulam
848 4155 1144 4219 2,bi‚l.-apporatu]

65 4234 263 4298 morum
291 4228 361 4290 arat}
385 4224 510 4277 Hannibal
537 4224 581 4276 hat
644 4213 1145 4289 llorltebruogen'ssateioiscbgeubbn·
