2618 4740
77 499 99 531 ι.
113 489 165 534 cnr.
180 502 203 532 n,
217 489 265 532 213.
406 474 499 527 uuita
516 474 612 529 11111111.
648 476 719 529 (141).
737 480 777 530 48.
796 481 838 531 49.
1097 479 1158 538 109

77 656 197 727 gregata
204 646 427 719 turba‚vastaac
434 648 587 709 temeraria
595 666 668 710 esse.
683 649 1157 732 iactorosseinpraesentia‚quod
1180 665 1195 715 8

76 732 172 802 veliet,
189 732 277 811 iegati
290 732 473 811 respondent
486 733 543 794 fide
554 742 685 813 accepta,
703 743 735 795 ot
746 735 909 796 remitteret
921 737 1068 816 extemplo
1081 756 1158 810 cum,

76 819 100 879 si
116 818 316 898 immratores
327 819 373 878 sui
386 837 446 879 non
459 818 704 898 comprobassent
716 820 835 880 iactum.
859 818 894 891 0.
907 821 1036 883 Statorio
1049 842 1158 884 nomen
1180 836 1196 885 9

77 904 142 976 init,
159 903 210 981 qui
227 901 263 963 ad
279 921 380 982 regern
396 904 547 965 remansit.
574 922 641 965 cum
665 904 782 966 duobus
797 904 939 968 Romanis
952 925 1005 967 rer
1020 906 1160 970 Numidas

77 988 191 1067 legatos
206 987 237 1047 in
255 986 425 1068 Hispaniam
442 989 519 1050 misit
540 990 575 1050 ad
591 990 793 1070 accipiendam
816 990 904 1051 fldem
919 990 956 1052 ab
971 992 1157 1072 imperatori-

78 1074 135 1134 bus
150 1072 303 1133 Romanis.
333 1073 435 1134 iisdem
452 1074 616 1148 mandavit,
633 1087 664 1136 ut
685 1075 823 1154 protinus
838 1075 993 1150 Numidas,
1016 1077 1066 1156 qui
1082 1079 1159 1140 intra
1182 1088 1211 1139 tu

77 1158 223 1238 praesidia
237 1158 524 1238 Carthaginiensium
536 1160 691 1222 auxiliares
705 1170 806 1233 emur,
822 1160 857 1220 ad
870 1162 1075 1224 transitionem
1089 1183 1157 1243 per-

79 1244 215 1305 ticerent
239 1252 269 1303 et
280 1243 427 1305 Statorius
439 1263 475 1304 ex
486 1245 577 1306 multa
596 1245 746 1306 iuventute
760 1247 844 1325 regni
858 1246 971 1325 pedites
982 1249 1161 1329 conscripsit
1182 1260 1210 1311 tt

79 1328 295 1406 ordinatosque
309 1329 445 1409 proxime
460 1347 572 1390 morem
585 1329 752 1391 Romanum
768 1331 943 1393 instruendo
955 1342 985 1392 et
996 1331 1158 1395 decurren-

77 1415 115 1475 do
130 1414 217 1493 signa
233 1414 318 1492 sequi
340 1424 370 1474 et
384 1432 501 1475 servare
516 1413 637 1476 ordines
659 1415 760 1476 docuit
774 1426 804 1477 et
825 1417 908 1496 operi
931 1417 1055 1496 aliisque
1076 1419 1160 1480 iustis
1182 1430 1211 1480 12

78 1498 257 1560 militaribus
271 1499 310 1559 ita
322 1499 500 1572 adsuefecit,
522 1508 556 1560 ut
579 1499 658 1560 brevi
681 1517 732 1560 rex
755 1519 816 1560 non
841 1501 934 1580 equiti
949 1502 1042 1580 magis
1056 1503 1159 1564 fideret

79 1601 168 1663 quarn
186 1583 278 1662 pediti
294 1585 479 1664 conlatisque
491 1602 586 1663 aeqrro
599 1602 704 1663 campo
717 1584 811 1662 signis
822 1586 900 1647 iusto
913 1586 1027 1665 proelio
1040 1587 1159 1649 Cartba-

78 1669 247 1748 giniensem
263 1669 377 1730 bostem
394 1681 559 1749 superaret
589 1669 731 1730 Romanis
746 1688 866 1749 quoque
881 1671 911 1731 in
925 1670 1065 1750 Hispania
1081 1672 1160 1751 lega·
1182 1682 1212 1732 ta

80 1764 180 1815 torum
197 1753 277 1833 regis
288 1753 431 1816 adventus
443 1773 551 1834 magno
563 1754 764 1815 emolumento
778 1756 847 1829 iuit;
865 1773 993 1834 namque
1005 1756 1041 1816 ad
1054 1757 1159 1817 samam
1215 1823 1219 1831 ,

80 1856 188 1900 eorum
203 1839 395 1901 transitiones
409 1839 532 1901 crebrae
547 1839 583 1900 ab
595 1839 730 1900 Numidis
741 1850 862 1920 coeptae
876 1840 948 1901 deri.
975 1841 1013 1902 ita
1026 1859 1093 1902 cum
1106 1843 1160 1923 Sp·-

82 1923 177 2002 pbace
192 1923 335 1986 Romanis
351 1933 454 2004 coepta
471 1924 596 1985 amicitia
612 1934 666 1986 est.

167 2007 253 2080 Quod
277 2008 327 2070 ubi
350 2009 609 2090 Carthaginienses
628 2017 822 2088 occeperunt,
844 2009 993 2090 extempio
1008 2011 1043 2072 ad
1059 2010 1158 2074 Galam

81 2094 111 2155 in
125 2104 210 2173 parte
225 2093 315 2154 altera
332 2093 673 2157 Numidiae-Maesulii
687 2104 1159 2176 eagensvocatur-regnantem

81 2179 194 2258 legatos
210 2179 342 2240 mittunt.
373 2180 464 2240 filium
477 2179 547 2240 Gala
563 2179 745 2240 Masinissam
768 2180 895 2241 habebat
917 2191 1030 2261 septem
1054 2182 1155 2244 decem
1174 2187 1213 2242 49

81 2282 178 2324 annos
195 2273 307 2336 natum,
323 2274 457 2326 ceterum
472 2266 607 2325 iuvenem
625 2282 657 2325 aa
674 2264 782 2337 indole,
805 2267 909 2327 utiam
925 2276 987 2326 tum
1003 2279 1160 2347 appareret

119 2382 143 2432 3.
162 2373 598 2447 sel*-inpraessntiol‘rorerst‚
649 2395 714 2446 gers.
739 2410 771 2418 -
799 2383 877 2430 iustis
906 2382 1080 2445 militaribus]
1110 2384 1161 2434 aila

81 2446 192 2500 vorliufi
210 2439 226 2498 '.
255 2476 289 2486 -
319 2452 387 2511 auor]
416 2448 464 2500 deo
492 2446 598 2500 zurich·
650 2448 856 2514 regeimissigem
874 2447 958 2498 einern
978 2448 1099 2500 Soldaten
1119 2465 1162 2500 zu-

83 2463 251 2574 bleibendem
271 2531 291 2567 s.
315 2520 335 2579 1,
354 2519 396 2581 34,
415 2519 440 2569 8.
651 2515 821 2567 kommanden
854 2513 1069 2579 Verrichtungem
1100 2516 1162 2566 iiber

117 2587 144 2638 9.
162 2583 309 2647 stanam]
328 2600 348 2635 s.
363 2600 394 2635 au
414 2587 455 2649 41,
469 2587 492 2638 8.
511 2613 542 2622 -
563 2585 601 2635 od
651 2584 699 2635 den
721 2580 853 2634 dusdrnck
867 2581 918 2646 igi.
932 2596 962 2632 zu
980 2587 1000 2645 1,
1014 2584 1037 2633 2.
1052 2610 1081 2618 -
1098 2583 1162 2634 Car·

81 2653 184 2717 marn]
196 2667 218 2704 s.
232 2654 257 2714 9,
269 2655 298 2712 9;
317 2654 359 2716 38,
373 2656 415 2717 35,
427 2657 457 2706 4;
475 2653 513 2705 od
521 2669 599 2719 praa·
652 2653 846 2715 tboginismom
865 2651 975 2712 bostem]
995 2665 1016 2702 s.
1029 2651 1070 2714 22,
1083 2653 1122 2715 14,
1133 2654 1161 2711 5,

83 2724 185 2780 Ιονως
213 2720 265 2774 cia
284 2720 316 2772 ad
340 2721 392 2772 Att
414 2724 452 2783 10,
465 2724 489 2782 4,
508 2723 536 2774 8:
564 2720 602 2771 od
653 2718 705 2784 rgi.
723 2733 754 2769 zu
774 2720 814 2780 46,
828 2720 851 2768 ’1.

83 2803 126 2838 na
144 2788 209 2849 suit.
229 2816 260 2825 —
278 2790 400 2852 ml*-
416 2791 453 2839 od
468 2791 601 2854 accipisn-
690 2788 728 2839 13.
753 2787 934 2848 transitiones]
957 2800 977 2840 s.
1005 2787 1046 2848 tt,
1070 2787 1112 2850 20,
1135 2790 1164 2848 5;

84 2856 148 2907 den
171 2854 261 2918 Mam]
288 2857 337 2908 wie
354 2857 371 2925 4
389 2860 416 2917 8ς
440 2858 491 2923 igi.
511 2858 553 2919 28,
571 2859 601 2915 9,
653 2854 705 2919 rgt.
725 2856 765 2914 31,
785 2856 808 2906 3.
837 2883 868 2890 -
896 2857 1089 2918 coopta,.sstl
1111 2855 1164 2920 rgi.

85 2926 128 2987 23,
147 2924 190 2984 34,
202 2926 226 2976 2.
654 2925 695 2985 29,
716 2926 754 2985 11,
773 2924 800 2981 2;
820 2925 861 2982 44,
882 2925 921 2982 14,
934 2926 963 2975 9:
981 2925 1035 2974 sibi
1046 2928 1165 2989 coaptans

123 2995 164 3046 tu.
187 2995 261 3042 intro
288 2992 435 3058 pracsidio]
463 2991 601 3057 cigentlich
654 3007 713 3041 com
732 3006 795 3056 rega
813 2994 961 3041 amicitiam
981 3007 1004 3043 u.
1023 3007 1045 3043 a.
1066 2990 1166 3043 -110-

84 3056 229 3111 'innerbaib
261 3058 305 3111 der
335 3060 467 3112 besetaten
498 3050 602 3125 Piitze',
652 3061 751 3122 arianis]
774 3059 814 3109 iitr
831 3059 872 3109 die
891 3056 990 3111 Romen
1009 3087 1042 3097 -
1062 3059 1166 3123 Galam]

87 3128 156 3179 donn
173 3152 207 3172 -
224 3129 254 3176 in
279 3129 423 3193 praesidiis
445 3125 530 3178 'noter
553 3126 601 3179 den
656 3126 867 3178 wahrscheinlich
881 3127 922 3177 ein
936 3127 1108 3185 Ehranname;
1121 3127 1166 3178 der

88 3187 286 3261 Beuuungcn',
309 3195 333 3248 d.
353 3197 376 3247 b.
396 3196 532 3261 allgemeio
559 3195 605 3245 ani
654 3194 810 3260 cigentliche
828 3193 908 3245 Numa
932 3208 986 3246 war
1009 3196 1073 3247 nach
1096 3195 1167 3246 einer

87 3263 187 3324 Seitcn,
197 3263 222 3313 in
234 3262 291 3316 dem
302 3263 537 3329 fleercjemandes3
550 3264 602 3328 igi.
654 3262 772 3314 lnscbriit
781 3261 972 3327 Meaetbaai(=
984 3261 1165 3326 Mazaetulns);

88 3333 132 3391 23,
151 3333 192 3393 34,
214 3333 252 3384 ib.
271 3334 312 3393 31,
332 3334 361 3392 3;
380 3333 422 3396 43,
441 3335 464 3394 ’1,
483 3335 507 3384 4.
655 3347 676 3383 s.
689 3333 730 3394 29,
743 3331 784 3394 29,
797 3332 820 3383 8.
849 3329 898 3381 Wo
917 3331 961 3383 der
979 3331 1058 3383 Name
1077 3330 1167 3383 heila·

126 3401 166 3453 11.
193 3399 301 3464 ragnil‘
331 3428 365 3437 -
394 3400 542 3462 ordinatos]
577 3399 603 3450 in
656 3397 1012 3451 teinischenScbriststellern
1031 3399 1167 3463 crseheint,

89 3468 238 3531 (lentunen,
261 3465 390 3535 biunipein
408 3483 433 3520 u.
446 3485 467 3520 s,
482 3484 529 3528 ιι,
553 3467 604 3534 rgl.
657 3470 701 3519 hat
719 3482 746 3519 er
764 3482 796 3518 an
814 3465 904 3519 dritter
922 3465 1003 3519 Stelie
1022 3466 1071 3519 den
1084 3466 1167 3519 Buch-

90 3538 134 3599 39,
153 3540 177 3597 1,
197 3538 225 3597 1,
244 3539 287 3600 30,
306 3538 347 3599 33,
368 3541 390 3588 1.
409 3540 438 3594 4;
461 3541 502 3598 40,
521 3538 562 3600 39,
580 3539 605 3588 4.
657 3535 746 3587 staben
766 3535 788 3595 1;
816 3535 842 3585 in
866 3535 1001 3587 sinterani
1016 3533 1093 3586 Delos
1111 3549 1168 3586 aua·

91 3631 124 3642 -
140 3606 267 3668 prosim
283 3607 434 3668 morem
458 3605 550 3671 gehbrt
572 3621 603 3657 au
674 3604 818 3669 egrabenen
845 3602 1022 3668 griechischen
1048 3600 1168 3654 insobriit

90 3670 240 3724 mains.
267 3700 302 3711 -
330 3674 488 3725 instruendo
512 3678 538 3724 ct
561 3674 604 3724 de
655 3618 737 3723 godet
755 3670 810 3724 sich
828 3671 943 3723 aberdie
957 3669 1030 3723 Fortu
1046 3670 1122 3724 Gaia.
1136 3697 1168 3709 -

90 3740 236 3804 modo]
255 3739 340 3792 indsur
359 3756 386 3792 er
409 3742 446 3793 sie
470 3742 525 3794 sich
550 3740 601 3793 aui·
657 3741 754 3802 uuna]
767 3740 811 3791 der
825 3754 857 3791 an
870 3736 917 3790 das
929 3737 1108 3807 karthagische
1120 3738 1169 3792 Ge·

92 3806 187 3859 sichen
205 3807 256 3859 und
279 3810 456 3861 mandrrieren
482 3809 557 3870 hein
584 3823 605 3861 s.
658 3806 1170 3874 bietgranumde,bstiicbrondemvor·

90 3891 124 3927 zu
142 3878 209 3939 4,9;
228 3877 292 3928 dher
309 3875 355 3928 das
373 3876 492 3930 absolute
507 3881 607 3929 insu-u-
659 3876 764 3943 gehirge
781 3874 871 3926 Triton
891 3875 1014 3942 relegens
1032 3875 1104 3928 Teil:
1127 3876 1170 3926 41-

91 3943 161 3994 endo
187 3969 222 3990 -ι
249 3961 277 3995 rs
299 3946 457 3997 instruendo
480 3962 500 3998 s.
525 3962 556 3998 au
583 3948 607 4009 9,
658 3946 721 4010 sier.
739 3973 772 3981 -
792 3942 941 4007 Herculis?

92 4013 178 4074 31,3;
199 4011 251 4079 rgi.
272 4014 286 4077 5
306 4017 336 4073 73
355 4013 513 4068 deornm:
536 4029 556 4066 s.
575 4029 606 4065 ru
693 4011 741 4068 49.
764 4017 787 4064 1.
809 4016 906 4077 sapum
931 4013 1070 4073 dscsm‚.]
1094 4024 1170 4061 wenn

93 4082 136 4142 23,
156 4083 196 4141 11,
210 4084 238 4142 53
258 4085 299 4144 40,
313 4083 337 4145 6,
351 4086 374 4135 5.
659 4079 792 4132 Masinissa
809 4083 857 4132 149
869 4095 892 4132 r.
903 4080 960 4132 Chr.
975 4080 1038 4131 iubar
1050 4076 1170 4132 ddiabre

130 4148 470 4217 saepememoratus
492 4148 537 4202 des
560 4148 607 4201 La·
660 4147 696 4200 alt
722 4149 860 4214 gestorum
884 4149 917 4200 ist
940 4151 971 4212 (s.
990 4146 1114 4200 Periocha
1138 4149 1172 4199 49
