2618 4740
130 438 168 496 10
476 431 571 485 truta
588 431 677 488 XXIX.
694 430 766 487 GXP.
784 434 809 485 1.
828 435 854 485 d.
1065 442 1088 476 a.
1103 442 1128 475 ι
1141 442 1164 475 e.
1175 430 1220 476 tlt.

127 612 185 673 hoc
200 626 308 688 magna
322 606 449 686 pecunia
464 606 500 667 ad
512 603 707 667 conducenda
722 603 839 678 auxilia,
855 602 970 684 quihus
986 604 1089 668 laetus
1099 605 1220 687 propias

130 695 233 757 urbem
246 693 408 753 Romanam
421 691 583 753 exercitum
596 691 767 752 admoveret
776 690 1047 771 coniungeretque
1061 710 1097 755 sc
1107 690 1218 753 Hanni·

91 796 105 844 a
128 780 197 842 hali.
220 780 292 840 haec
304 776 471 857 Carthagini
485 776 630 857 parabant
643 773 870 856 agitabantque;
885 775 923 838 ad
939 774 1083 839 Laelium
1099 775 1218 857 praedas

129 864 260 944 ingentis
282 880 317 923 ex
339 880 410 941 agro
432 862 540 924 inermi
560 880 595 924 ac
618 861 699 923 nudo
721 861 876 941 praesidiis
896 870 1045 941 agentem
1067 861 1217 925 llasimm

92 952 205 1013 asama
232 949 381 1009 Romanae
407 947 510 1011 classis
535 947 648 1009 excitus
670 964 738 1009 cum
760 945 912 1026 equitibus
935 948 1046 1027 paucis
1068 948 1161 1010 veuit.
1194 948 1217 1009 is

130 1035 262 1114 segniter
276 1051 338 1093 rem
355 1033 402 1112 agi
417 1033 453 1094 ah
470 1033 612 1113 Scipione
632 1041 754 1112 questus
769 1040 824 1107 est,
846 1031 930 1112 quod
946 1050 1014 1095 non
1030 1033 1093 1095 iam
1108 1034 1217 1096 exerci-

129 1119 240 1181 tamin
257 1117 385 1180 didcam
402 1118 575 1192 traiecisset,
590 1117 736 1198 perculsis
751 1116 1065 1198 Carthaginiensibus,
1085 1116 1216 1200 siphae

130 1204 273 1284 impedito
289 1204 433 1266 finitumis
442 1203 537 1277 hellis,
553 1222 641 1284 quem
654 1211 769 1266 eertum
780 1202 902 1276 habere,
915 1203 1089 1284 sispatium
1104 1203 1144 1266 ad
1157 1221 1215 1275 sua,

130 1299 164 1350 ut
185 1288 264 1363 velit,
286 1290 496 1368 componenda
518 1288 620 1362 detur,
650 1288 725 1350 nihil
745 1289 861 1351 sincera
889 1287 950 1350 tide
977 1306 1053 1351 cum
1076 1288 1216 1352 Romanis

93 1386 109 1435 9
131 1383 283 1449 acturum;
306 1374 478 1437 hortaretur
499 1385 530 1436 et
549 1374 715 1437 stimularet
736 1373 918 1454 Scipionem,
942 1392 984 1436 ne
1006 1384 1158 1449 cessarem
1178 1394 1215 1445 se.

131 1477 311 1539 quamquam
327 1478 421 1538 regno
444 1460 549 1540 pulsus
570 1467 658 1534 esset,
679 1478 747 1521 cum
770 1458 849 1521 haud
864 1460 1105 1523 contemnendis
1127 1460 1216 1541 copiis

131 1545 304 1607 edicturum
325 1545 458 1625 peditum
477 1545 684 1625 equitumque;
707 1563 764 1608 nec
784 1543 841 1625 ipsi
857 1543 957 1606 Laelio
981 1546 1168 1608 morandum
1187 1546 1215 1607 iu

132 1630 230 1692 Africa
252 1648 334 1692 esse:
357 1631 481 1693 classem
503 1631 626 1692 credere
642 1630 806 1711 proiectam
819 1649 839 1692 e
853 1629 1047 1711 Carthagine,
1071 1649 1143 1693 curn
1164 1647 1215 1711 qua

101 1713 256 1777 dahseute
278 1714 420 1795 Scipione
443 1735 504 1778 non
527 1715 599 1778 satis
620 1725 718 1778 tutum
740 1734 805 1778 esse
819 1715 956 1777 contrahi
979 1725 1152 1779 certamen.
1182 1715 1215 1778 ah

133 1800 189 1861 hoe
204 1816 344 1861 sermone
359 1801 480 1863 dimisso
496 1800 648 1863 Masinissa
663 1800 780 1864 Laelius
794 1808 914 1882 postero
936 1800 986 1862 die
1000 1820 1098 1865 naves
1111 1801 1216 1883 praeda

133 1894 256 1981 onustas
271 1885 307 1946 ah
324 1885 462 1967 llippone
478 1887 565 1949 solvit
586 1895 782 1967 revectusque
802 1886 834 1949 in
850 1885 981 1948 Siciliam
996 1886 1142 1951 mandata
1156 1888 1216 1949 Sei·

133 1986 216 2048 proni
232 1972 377 2050 exposuit.

95 2064 110 2113 a
220 2051 337 2116 Eisdem
361 2056 455 2118 terme
476 2056 582 2119 diebus
605 2075 704 2129 naves,
733 2075 810 2136 quae
831 2056 868 2116 ab
891 2054 1077 2137 Carthagine
1098 2059 1136 2120 ad
1158 2058 1214 2121 lla·

133 2155 242 2216 genem
272 2140 377 2202 missae
406 2151 507 2215 erant,
537 2143 617 2203 inter
638 2142 844 2222 Albingaunos
866 2140 992 2220 Ligures
1019 2142 1214 2224 Genuamque

96 2233 111 2281 3
133 2235 333 2287 accesserunt
367 2226 398 2287 in
422 2227 458 2289 iis
480 2228 553 2290 locis
575 2240 638 2289 tum
654 2228 731 2289 rone
747 2227 832 2307 Mago
854 2225 977 2288 tenebat
999 2227 1148 2305 classem
1168 2230 1213 2309 qui

133 2308 297 2387 legatorum
324 2311 430 2374 auditis
458 2314 555 2376 verbis
583 2314 750 2375 iubentium
780 2312 927 2375 exercitus
955 2331 1047 2392 quam
1075 2316 1214 2377 maximos

134 2397 310 2474 comparari,
326 2399 474 2479 cxlemplo
490 2399 641 2460 Gallorum
657 2408 687 2460 et
702 2399 844 2479 Ligurum
855 2433 897 2442 -
913 2416 1045 2478 namque
1062 2401 1213 2480 utriusque

96 2487 112 2536 t
133 2480 232 2557 gentis
247 2481 354 2561 ingens
370 2484 409 2546 ihi
426 2485 584 2546 multitudo
600 2494 662 2546 erat
677 2519 719 2530 -
734 2485 893 2546 concilium
914 2482 1019 2545 hahuit
1041 2494 1074 2547 et
1097 2488 1212 2548 missurn

134 2583 165 2624 sc
182 2565 216 2626 ad
233 2586 285 2629 cos
300 2569 492 2631 vindicandos
508 2572 539 2631 in
555 2569 721 2631 libertatem
737 2571 777 2632 ait
792 2580 831 2644 et,
855 2570 959 2650 stipsi
982 2581 1123 2645 cernant,
1143 2572 1212 2633 mitti

134 2649 188 2711 sibi
205 2651 242 2711 ab
258 2654 346 2715 domo
363 2656 522 2734 pracsidia;
545 2657 595 2716 scd
619 2656 738 2735 quantis
759 2656 879 2730 viribus,
901 2664 1015 2735 quanto
1038 2658 1173 2719 exercitu
1187 2655 1212 2717 id

98 2743 112 2791 5
135 2733 244 2797 bellurn
267 2749 396 2819 geratur,
425 2741 455 2801 in
480 2759 583 2802 corum
608 2750 753 2822 potestate
775 2760 849 2803 csse.
886 2740 962 2803 duos
984 2743 1138 2804 exercitus
1159 2742 1212 2804 Ro·

135 2885 213 2953 thago
236 2890 370 2955 geschicht
393 2891 437 2942 hat
460 2893 516 2954 (28,
535 2893 647 2956 16161,
700 2892 841 2943 wesenheit
876 2890 922 2943 des
951 2890 1167 2951 Oberieldherro;
1194 2906 1213 2941 a.

133 2957 168 3007 ist
181 2957 252 3008 nicht
264 2957 306 3009 die
318 2959 472 3026 Zusendung
486 2959 530 3010 der
544 2961 647 3024 Schifle,
700 2960 771 3012 Caes.
791 2959 839 3012 BC.
859 2962 966 3023 2,1’1,2
986 2989 1021 2999 -
1040 2962 1084 3023 ab]
1105 2962 1158 3028 agl.
1175 2960 1213 3021 22,

134 3024 242 3076 sondern
256 3026 297 3078 die
310 3027 355 3080 der
368 3026 488 3095 Truppen
501 3027 542 3080 die
552 3028 647 3095 llaupt·
699 3032 741 3085 40.
758 3032 787 3088 43
807 3032 849 3095 26,
864 3031 904 3092 15,
917 3031 946 3087 5:
967 3029 1009 3091 28,
1025 3031 1065 3089 13,
1080 3032 1105 3082 9.

133 3092 219 3144 sache.
732 3096 868 3160 iad-9.
908 3095 1148 3150 Verhiltnlsse
1185 3097 1212 3147 ia

168 3163 191 3211 l.
211 3160 381 3226 Chartagtna]
409 3162 598 3225 Lolrativiorm3
626 3181 648 3220 s.
700 3165 915 3219 Oberitalieu.

135 3229 175 3288 26,
194 3232 224 3288 1,
244 3244 274 3279 zu
294 3232 334 3288 23.
352 3233 393 3291 26,
414 3235 436 3283 1.
461 3262 494 3270 -
512 3236 648 3298 parabant
735 3237 758 3286 2.
777 3235 975 3298 Albingaunos]
989 3247 1011 3286 s.
1030 3248 1062 3284 aa
1076 3235 1120 3298 28,
1133 3236 1174 3293 td,
1186 3235 1212 3285 9:

134 3299 337 3362 agitabantque]
357 3299 410 3364 agl.
429 3302 470 3364 21,
490 3304 513 3364 l,
533 3306 555 3364 1,
568 3318 647 3368 prae·
699 3303 829 3367 lugduni;
850 3301 903 3368 agl.
915 3299 976 3355 Tae.
995 3299 1025 3352 fl.
1040 3303 1125 3359 2,15;
1143 3302 1214 3354 Atta·-

133 3364 190 3427 daa]
216 3379 237 3417 s.
257 3380 288 3416 au
308 3367 350 3431 21,
367 3368 409 3429 26,
430 3371 454 3421 d.
478 3397 510 3407 -
538 3373 645 3433 inerma]
696 3387 819 3436 gannane
836 3372 977 3421 lautioris
994 3368 1137 3435 Liguriae.
1172 3368 1213 3421 hia

133 3432 229 3484 erhlirt
253 3432 331 3486 durch
349 3437 422 3487 audo
438 3439 590 3503 praesidiis,
613 3461 647 3483 -
700 3439 788 3491 Worte
814 3441 934 3491 inter..
963 3436 1139 3504 &auumque
1164 3452 1214 3490 um·

135 3501 220 3553 weder
232 3501 311 3554 durch
325 3503 469 3571 Festuugeu
489 3507 555 3558 noch
568 3508 646 3559 durch
698 3508 833 3560 schreihen
861 3506 909 3558 dea
937 3505 983 3558 Ort
1010 3505 1057 3557 der
1083 3505 1214 3572 Laudang,

134 3566 254 3635 Truppen
265 3573 644 3640 geschdtzt-Masiniua..]
700 3575 912 3628 walrrscheinlich
930 3573 997 3626 vada
1010 3573 1133 3636 Schmin
1152 3591 1172 3626 s.
1184 3589 1213 3625 aa

133 3650 160 3688 er
169 3636 269 3688 hommt
279 3639 342 3691 nach
353 3642 395 3705 33,
405 3645 420 3694 9
431 3657 477 3694 aas
487 3642 530 3695 der
542 3644 646 3709 Gegend
699 3646 741 3705 28,
752 3647 795 3709 16,
810 3647 849 3698 10.

133 3708 178 3758 der
189 3706 332 3771 Emporien‚
344 3707 385 3761 die
396 3726 446 3762 ron
456 3710 540 3778 llippo
551 3711 647 3778 Regius
733 3715 756 3765 3.
775 3712 928 3775 concilium]
947 3710 1004 3763 eine
1018 3708 1215 3776 Versum-long

134 3776 194 3827 weit
214 3774 324 3827 entiernt
343 3777 409 3832 sind.
699 3782 744 3834 der
753 3780 921 3848 lliuptlinge;
932 3781 982 3841 sd.
992 3783 1016 3839 l:
1028 3780 1082 3845 agl.
1093 3783 1214 3842 21,21.3.

170 3848 193 3898 8.
211 3860 265 3894 nou
292 3849 356 3909 iam]
386 3847 456 3899 nicht
484 3848 586 3909 bereits,
613 3871 647 3893 -
733 3854 758 3903 4.
786 3849 962 3901 vindicandos
994 3850 1023 3898 ia
1055 3849 1213 3910 libertatern]

132 3914 261 3974 nandium
281 3916 333 3980 vgl.
352 3915 416 3981 Ncp.
431 3915 501 3967 Eum.
523 3919 562 3977 12,
579 3924 600 3971 1.
616 3946 645 3954 -
700 3918 801 3970 bezieht
820 3917 875 3969 sich
894 3915 965 3968 mehr
983 3914 1030 3968 aul
1047 3915 1089 3969 die
1108 3916 1215 3969 Gallier:

133 3989 235 4035 eertum
245 3984 351 4046 habere]
364 3999 384 4035 s.
396 3986 437 4044 36,
451 3986 492 4048 te,
506 3987 533 4046 1;
554 3988 595 4051 dl,
605 3988 648 4051 39,
699 3988 763 4039 dher
773 3987 814 4038 die
824 3986 889 4037 noch
902 3984 1101 4050 unabhiogigen
1113 3985 1214 4052 Ligurer

133 4057 162 4114 73
182 4066 212 4102 zu
231 4054 255 4111 6,
268 4056 291 4109 3,
303 4054 326 4104 2.
700 4071 720 4107 s.
735 4054 791 4107 Per.
810 4052 871 4113 XX;
891 4056 932 4117 22,
945 4054 986 4117 33,
999 4055 1114 4105 4.-ίιι
1125 4068 1215 4105 eoram

169 4124 193 4173 9.
212 4120 320 4170 absente
339 4121 472 4188 Scipione]
487 4121 510 4174 d.
523 4122 547 4174 h.
560 4123 585 4173 in
597 4122 648 4174 th·
698 4127 829 4190 potestate
839 4125 902 4185 ease]
915 4121 939 4176 d.
947 4120 1091 4175 hdartlber
1101 4122 1215 4175 kduuteu
