<?xml version="1.0" encoding="UTF-8"?>
<!DOCTYPE html PUBLIC "-//W3C//DTD XHTML 1.0 Transitional//EN"
    "http://www.w3.org/TR/xhtml1/DTD/xhtml1-transitional.dtd">
<html xmlns="http://www.w3.org/1999/xhtml" xml:lang="en" lang="en">
 <head>
  <title>
</title>
<meta http-equiv="Content-Type" content="text/html;charset=utf-8" />
  <meta name='ocr-system' content='tesseract 3.04.00' />
  <meta name='ocr-capabilities' content='ocr_page ocr_carea ocr_par ocr_line ocrx_word'/>
</head>
<body>
  <div class='ocr_page' id='page_1' title='image "./tliviaburbecond02livygoog_0755.png"; bbox 0 0 2618 4740; ppageno 0'>
   <div class='ocr_carea' id='block_1_1' title="bbox 140 496 1235 564">
    <p class='ocr_par' dir='ltr' id='par_1_1' title="bbox 140 496 1235 564">
     <span class='ocr_line' id='line_1_1' title="bbox 140 496 1235 564; baseline -0.023 0"><span class='ocrx_word' id='word_1_1' title='bbox 140 506 161 564; x_wconf 88' lang='lat'>4</span> <span class='ocrx_word' id='word_1_2' title='bbox 490 498 584 552; x_wconf 76' lang='lat' dir='ltr'>ltssutt</span> <span class='ocrx_word' id='word_1_3' title='bbox 602 497 690 551; x_wconf 82' lang='lat' dir='ltr'>lllllll.</span> <span class='ocrx_word' id='word_1_4' title='bbox 709 496 781 550; x_wconf 79' lang='lat' dir='ltr'><strong>CAP.</strong></span> <span class='ocrx_word' id='word_1_5' title='bbox 796 502 817 551; x_wconf 91' lang='lat' dir='ltr'>l.</span> <span class='ocrx_word' id='word_1_6' title='bbox 835 499 860 552; x_wconf 86' lang='grc'>2.</span> <span class='ocrx_word' id='word_1_7' title='bbox 1074 508 1099 542; x_wconf 80' lang='lat' dir='ltr'>a.</span> <span class='ocrx_word' id='word_1_8' title='bbox 1112 508 1138 541; x_wconf 79' lang='lat' dir='ltr'>tn</span> <span class='ocrx_word' id='word_1_9' title='bbox 1151 508 1175 541; x_wconf 78' lang='grc'>4.</span> <span class='ocrx_word' id='word_1_10' title='bbox 1187 496 1235 541; x_wconf 73' lang='lat' dir='ltr'>ut.</span> 
     </span>
    </p>
   </div>
   <div class='ocr_carea' id='block_1_2' title="bbox 89 668 1235 2372">
    <p class='ocr_par' dir='ltr' id='par_1_2' title="bbox 141 668 1235 756">
     <span class='ocr_line' id='line_1_2' title="bbox 141 668 1235 756; baseline -0.008 -16"><span class='ocrx_word' id='word_1_11' title='bbox 141 679 172 741; x_wconf 91' lang='lat' dir='ltr'>in</span> <span class='ocrx_word' id='word_1_12' title='bbox 189 675 330 756; x_wconf 80' lang='lat' dir='ltr'>Hispania</span> <span class='ocrx_word' id='word_1_13' title='bbox 346 673 439 736; x_wconf 88' lang='lat' dir='ltr'>caesis</span> <span class='ocrx_word' id='word_1_14' title='bbox 455 672 647 752; x_wconf 82' lang='lat' dir='ltr'>Scipionibus</span> <span class='ocrx_word' id='word_1_15' title='bbox 660 670 761 742; x_wconf 84' lang='lat' dir='ltr'>alium,</span> <span class='ocrx_word' id='word_1_16' title='bbox 783 687 872 750; x_wconf 92' lang='lat' dir='ltr'>quem</span> <span class='ocrx_word' id='word_1_17' title='bbox 888 668 1060 743; x_wconf 74' lang='lat' dir='ltr'>mitterent,</span> <span class='ocrx_word' id='word_1_18' title='bbox 1084 670 1235 741; x_wconf 81' lang='lat' dir='ltr'>babuisse,</span> 
     </span>
    </p>

    <p class='ocr_par' dir='ltr' id='par_1_3' title="bbox 142 755 1234 843">
     <span class='ocr_line' id='line_1_3' title="bbox 142 755 1234 843; baseline -0.008 -17"><span class='ocrx_word' id='word_1_19' title='bbox 142 773 173 826; x_wconf 89' lang='lat' dir='ltr'>et</span> <span class='ocrx_word' id='word_1_20' title='bbox 187 771 344 843; x_wconf 83' lang='lat' dir='ltr'><strong>postquam</strong></span> <span class='ocrx_word' id='word_1_21' title='bbox 366 760 397 820; x_wconf 92' lang='lat' dir='ltr'>in</span> <span class='ocrx_word' id='word_1_22' title='bbox 413 758 494 820; x_wconf 90' lang='lat' dir='ltr'>ltalia</span> <span class='ocrx_word' id='word_1_23' title='bbox 516 758 633 836; x_wconf 85' lang='lat' dir='ltr'>gravius</span> <span class='ocrx_word' id='word_1_24' title='bbox 654 755 764 817; x_wconf 90' lang='lat' dir='ltr'>bellum</span> <span class='ocrx_word' id='word_1_25' title='bbox 781 765 932 834; x_wconf 79' lang='lat' dir='ltr'>urgueret,</span> <span class='ocrx_word' id='word_1_26' title='bbox 954 755 1102 817; x_wconf 81' lang='lat' dir='ltr'>adversus</span> <span class='ocrx_word' id='word_1_27' title='bbox 1117 756 1234 817; x_wconf 80' lang='lat' dir='ltr'>Hanni·</span> 
     </span>
    </p>

    <p class='ocr_par' dir='ltr' id='par_1_4' title="bbox 89 838 1233 922">
     <span class='ocr_line' id='line_1_4' title="bbox 89 838 1233 922; baseline -0.01 -9"><span class='ocrx_word' id='word_1_28' title='bbox 89 861 118 913; x_wconf 84' lang='lat'>21</span> <span class='ocrx_word' id='word_1_29' title='bbox 141 847 237 909; x_wconf 82' lang='lat' dir='ltr'>balent</span> <span class='ocrx_word' id='word_1_30' title='bbox 249 863 317 908; x_wconf 88' lang='lat' dir='ltr'>eum</span> <span class='ocrx_word' id='word_1_31' title='bbox 330 844 513 905; x_wconf 86' lang='lat' dir='ltr'>arcessitum.</span> <span class='ocrx_word' id='word_1_32' title='bbox 536 839 834 922; x_wconf 73' lang='lat' dir='ltr'><strong>praeterquamquod</strong></span> <span class='ocrx_word' id='word_1_33' title='bbox 851 838 1109 903; x_wconf 82' lang='lat' dir='ltr'>nominatantum</span> <span class='ocrx_word' id='word_1_34' title='bbox 1121 840 1233 903; x_wconf 88' lang='lat' dir='ltr'>ducum</span> 
     </span>
    </p>

    <p class='ocr_par' dir='ltr' id='par_1_5' title="bbox 142 925 1233 1010">
     <span class='ocr_line' id='line_1_5' title="bbox 142 925 1233 1010; baseline -0.005 -16"><span class='ocrx_word' id='word_1_35' title='bbox 142 934 174 994; x_wconf 90' lang='lat' dir='ltr'>in</span> <span class='ocrx_word' id='word_1_36' title='bbox 192 930 332 1010; x_wconf 81' lang='lat' dir='ltr'>Hispania</span> <span class='ocrx_word' id='word_1_37' title='bbox 349 928 474 990; x_wconf 83' lang='lat' dir='ltr'>Romani</span> <span class='ocrx_word' id='word_1_38' title='bbox 496 927 637 1000; x_wconf 84' lang='lat' dir='ltr'>babeant,</span> <span class='ocrx_word' id='word_1_39' title='bbox 660 927 839 989; x_wconf 83' lang='lat' dir='ltr'>excercitum</span> <span class='ocrx_word' id='word_1_40' title='bbox 860 942 985 1004; x_wconf 89' lang='lat' dir='ltr'>quoque</span> <span class='ocrx_word' id='word_1_41' title='bbox 1004 925 1081 988; x_wconf 89' lang='lat' dir='ltr'>indc</span> <span class='ocrx_word' id='word_1_42' title='bbox 1101 937 1233 989; x_wconf 76' lang='lat' dir='ltr'>veterem</span> 
     </span>
    </p>

    <p class='ocr_par' dir='ltr' id='par_1_6' title="bbox 90 1008 1231 1095">
     <span class='ocr_line' id='line_1_6' title="bbox 90 1008 1231 1095; baseline -0.006 -14"><span class='ocrx_word' id='word_1_43' title='bbox 90 1031 120 1082; x_wconf 81' lang='lat' dir='ltr'>tt</span> <span class='ocrx_word' id='word_1_44' title='bbox 142 1017 316 1088; x_wconf 69' lang='lat' dir='ltr'>deductum</span> <span class='ocrx_word' id='word_1_45' title='bbox 338 1013 452 1095; x_wconf 89' lang='lat' dir='ltr'>trepida</span> <span class='ocrx_word' id='word_1_46' title='bbox 475 1014 574 1075; x_wconf 87' lang='lat' dir='ltr'>omnia</span> <span class='ocrx_word' id='word_1_47' title='bbox 597 1024 627 1074; x_wconf 87' lang='lat' dir='ltr'>et</span> <span class='ocrx_word' id='word_1_48' title='bbox 649 1011 832 1074; x_wconf 88' lang='lat' dir='ltr'>inconditam</span> <span class='ocrx_word' id='word_1_49' title='bbox 853 1008 973 1071; x_wconf 88' lang='lat' dir='ltr'>turbam</span> <span class='ocrx_word' id='word_1_50' title='bbox 996 1010 1137 1074; x_wconf 86' lang='lat' dir='ltr'>tironum</span> <span class='ocrx_word' id='word_1_51' title='bbox 1153 1030 1231 1085; x_wconf 67' lang='lat' dir='ltr'>essm</span> 
     </span>
    </p>

    <p class='ocr_par' dir='ltr' id='par_1_7' title="bbox 90 1095 1232 1180">
     <span class='ocr_line' id='line_1_7' title="bbox 90 1095 1232 1180; baseline -0.004 -16"><span class='ocrx_word' id='word_1_52' title='bbox 90 1115 121 1166; x_wconf 78' lang='lat' dir='ltr'>m</span> <span class='ocrx_word' id='word_1_53' title='bbox 144 1118 306 1180; x_wconf 83' lang='lat' dir='ltr'><strong>numquam</strong></span> <span class='ocrx_word' id='word_1_54' title='bbox 322 1099 411 1160; x_wconf 90' lang='lat' dir='ltr'>talem</span> <span class='ocrx_word' id='word_1_55' title='bbox 426 1101 613 1161; x_wconf 87' lang='lat' dir='ltr'>occasionem</span> <span class='ocrx_word' id='word_1_56' title='bbox 629 1097 800 1159; x_wconf 77' lang='lat' dir='ltr'>liberandae</span> <span class='ocrx_word' id='word_1_57' title='bbox 811 1095 972 1175; x_wconf 78' lang='lat' dir='ltr'>Hispaniae</span> <span class='ocrx_word' id='word_1_58' title='bbox 986 1096 1066 1158; x_wconf 74' lang='lat' dir='ltr'>iure</span> <span class='ocrx_word' id='word_1_59' title='bbox 1088 1097 1232 1159; x_wconf 81' lang='lat' dir='ltr'>servitum</span> 
     </span>
    </p>

    <p class='ocr_par' dir='ltr' id='par_1_8' title="bbox 144 1180 1231 1264">
     <span class='ocr_line' id='line_1_8' title="bbox 144 1180 1231 1264; baseline -0.004 -15"><span class='ocrx_word' id='word_1_60' title='bbox 144 1187 180 1249; x_wconf 92' lang='lat' dir='ltr'>ad</span> <span class='ocrx_word' id='word_1_61' title='bbox 195 1204 260 1248; x_wconf 86' lang='lat' dir='ltr'>eam</span> <span class='ocrx_word' id='word_1_62' title='bbox 282 1186 360 1246; x_wconf 90' lang='lat' dir='ltr'>diem</span> <span class='ocrx_word' id='word_1_63' title='bbox 383 1193 434 1246; x_wconf 86' lang='lat' dir='ltr'>aut</span> <span class='ocrx_word' id='word_1_64' title='bbox 450 1182 743 1264; x_wconf 79' lang='lat' dir='ltr'>Carthaginiensibus</span> <span class='ocrx_word' id='word_1_65' title='bbox 762 1191 814 1244; x_wconf 86' lang='lat' dir='ltr'>aut</span> <span class='ocrx_word' id='word_1_66' title='bbox 834 1180 979 1243; x_wconf 83' lang='lat' dir='ltr'>Romanis</span> <span class='ocrx_word' id='word_1_67' title='bbox 998 1200 1058 1243; x_wconf 85' lang='grc'>444</span> <span class='ocrx_word' id='word_1_68' title='bbox 1081 1181 1113 1244; x_wconf 92' lang='lat' dir='ltr'>in</span> <span class='ocrx_word' id='word_1_69' title='bbox 1139 1183 1231 1245; x_wconf 79' lang='lat' dir='ltr'>vicen</span> 
     </span>
    </p>

    <p class='ocr_par' dir='ltr' id='par_1_9' title="bbox 92 1265 1233 1348">
     <span class='ocr_line' id='line_1_9' title="bbox 92 1265 1233 1348; baseline -0.006 -12"><span class='ocrx_word' id='word_1_70' title='bbox 92 1285 122 1336; x_wconf 82' lang='lat'>24</span> <span class='ocrx_word' id='word_1_71' title='bbox 144 1272 191 1334; x_wconf 93' lang='lat' dir='ltr'>his</span> <span class='ocrx_word' id='word_1_72' title='bbox 212 1281 261 1332; x_wconf 91' lang='lat' dir='ltr'>aut</span> <span class='ocrx_word' id='word_1_73' title='bbox 283 1270 350 1343; x_wconf 84' lang='lat' dir='ltr'>iltis,</span> <span class='ocrx_word' id='word_1_74' title='bbox 372 1271 423 1333; x_wconf 88' lang='lat' dir='ltr'>sed</span> <span class='ocrx_word' id='word_1_75' title='bbox 445 1269 597 1331; x_wconf 90' lang='lat' dir='ltr'>interdum</span> <span class='ocrx_word' id='word_1_76' title='bbox 620 1269 755 1348; x_wconf 87' lang='lat' dir='ltr'>utrisque</span> <span class='ocrx_word' id='word_1_77' title='bbox 776 1267 880 1343; x_wconf 90' lang='lat' dir='ltr'>simul;</span> <span class='ocrx_word' id='word_1_78' title='bbox 901 1265 1005 1347; x_wconf 87' lang='lat' dir='ltr'>pulsus</span> <span class='ocrx_word' id='word_1_79' title='bbox 1024 1266 1065 1328; x_wconf 85' lang='lat' dir='ltr'>ab</span> <span class='ocrx_word' id='word_1_80' title='bbox 1090 1266 1233 1329; x_wconf 82' lang='lat' dir='ltr'>Romanis</span> 
     </span>
    </p>

    <p class='ocr_par' dir='ltr' id='par_1_10' title="bbox 146 1351 1233 1436">
     <span class='ocr_line' id='line_1_10' title="bbox 146 1351 1233 1436; baseline -0.006 -16"><span class='ocrx_word' id='word_1_81' title='bbox 146 1356 418 1436; x_wconf 69' lang='lat' dir='ltr'>Carthaginiensem</span> <span class='ocrx_word' id='word_1_82' title='bbox 454 1354 490 1416; x_wconf 91' lang='lat' dir='ltr'>ab</span> <span class='ocrx_word' id='word_1_83' title='bbox 507 1354 662 1435; x_wconf 83' lang='lat' dir='ltr'>Hispanis,</span> <span class='ocrx_word' id='word_1_84' title='bbox 689 1354 713 1416; x_wconf 90' lang='lat' dir='ltr'>si</span> <span class='ocrx_word' id='word_1_85' title='bbox 736 1351 959 1426; x_wconf 88' lang='lat' dir='ltr'>consentirent,</span> <span class='ocrx_word' id='word_1_86' title='bbox 982 1352 1055 1432; x_wconf 87' lang='lat' dir='ltr'>palli</span> <span class='ocrx_word' id='word_1_87' title='bbox 1079 1351 1233 1415; x_wconf 83' lang='lat' dir='ltr'>llcmancs</span> 
     </span>
    </p>

    <p class='ocr_par' dir='ltr' id='par_1_11' title="bbox 149 1437 1231 1523">
     <span class='ocr_line' id='line_1_11' title="bbox 149 1437 1231 1523; baseline -0.005 -18"><span class='ocrx_word' id='word_1_88' title='bbox 149 1462 248 1523; x_wconf 83' lang='lat' dir='ltr'>posse,</span> <span class='ocrx_word' id='word_1_89' title='bbox 278 1451 312 1503; x_wconf 91' lang='lat' dir='ltr'>ut</span> <span class='ocrx_word' id='word_1_90' title='bbox 333 1441 369 1502; x_wconf 91' lang='lat' dir='ltr'>ab</span> <span class='ocrx_word' id='word_1_91' title='bbox 392 1441 475 1502; x_wconf 92' lang='lat' dir='ltr'>omui</span> <span class='ocrx_word' id='word_1_92' title='bbox 500 1439 624 1520; x_wconf 87' lang='lat' dir='ltr'>imperio</span> <span class='ocrx_word' id='word_1_93' title='bbox 647 1451 772 1501; x_wconf 86' lang='lat' dir='ltr'>externo</span> <span class='ocrx_word' id='word_1_94' title='bbox 799 1437 895 1499; x_wconf 88' lang='lat' dir='ltr'>soluta</span> <span class='ocrx_word' id='word_1_95' title='bbox 918 1437 948 1498; x_wconf 93' lang='lat' dir='ltr'>in</span> <span class='ocrx_word' id='word_1_96' title='bbox 971 1446 1158 1517; x_wconf 83' lang='lat' dir='ltr'>perpetuum</span> <span class='ocrx_word' id='word_1_97' title='bbox 1181 1438 1231 1500; x_wconf 92' lang='lat' dir='ltr'>lli·</span> 
     </span>
    </p>

    <p class='ocr_par' dir='ltr' id='par_1_12' title="bbox 93 1522 1232 1609">
     <span class='ocr_line' id='line_1_12' title="bbox 93 1522 1232 1609; baseline -0.006 -18"><span class='ocrx_word' id='word_1_98' title='bbox 93 1539 125 1591; x_wconf 77' lang='grc'>24</span> <span class='ocrx_word' id='word_1_99' title='bbox 145 1527 248 1609; x_wconf 81' lang='lat' dir='ltr'>spania</span> <span class='ocrx_word' id='word_1_100' title='bbox 264 1527 294 1587; x_wconf 91' lang='lat' dir='ltr'>in</span> <span class='ocrx_word' id='word_1_101' title='bbox 318 1527 431 1606; x_wconf 89' lang='lat' dir='ltr'>patrios</span> <span class='ocrx_word' id='word_1_102' title='bbox 445 1526 557 1587; x_wconf 90' lang='lat' dir='ltr'>rediret</span> <span class='ocrx_word' id='word_1_103' title='bbox 570 1543 670 1587; x_wconf 88' lang='lat' dir='ltr'>mures</span> <span class='ocrx_word' id='word_1_104' title='bbox 686 1524 831 1603; x_wconf 90' lang='lat' dir='ltr'>ritusque.</span> <span class='ocrx_word' id='word_1_105' title='bbox 869 1523 941 1584; x_wconf 91' lang='lat' dir='ltr'>baec</span> <span class='ocrx_word' id='word_1_106' title='bbox 956 1522 1090 1603; x_wconf 89' lang='lat' dir='ltr'>taliaque</span> <span class='ocrx_word' id='word_1_107' title='bbox 1104 1524 1232 1586; x_wconf 86' lang='lat' dir='ltr'>diceudo</span> 
     </span>
    </p>

    <p class='ocr_par' dir='ltr' id='par_1_13' title="bbox 150 1607 1231 1692">
     <span class='ocr_line' id='line_1_13' title="bbox 150 1607 1231 1692; baseline -0.006 -17"><span class='ocrx_word' id='word_1_108' title='bbox 150 1632 208 1675; x_wconf 91' lang='lat' dir='ltr'>non</span> <span class='ocrx_word' id='word_1_109' title='bbox 232 1610 385 1692; x_wconf 89' lang='lat' dir='ltr'>popularis</span> <span class='ocrx_word' id='word_1_110' title='bbox 406 1611 511 1685; x_wconf 89' lang='lat' dir='ltr'>modo,</span> <span class='ocrx_word' id='word_1_111' title='bbox 533 1611 584 1673; x_wconf 89' lang='lat' dir='ltr'>sed</span> <span class='ocrx_word' id='word_1_112' title='bbox 601 1611 767 1672; x_wconf 73' lang='lat' dir='ltr'>Ausetanos</span> <span class='ocrx_word' id='word_1_113' title='bbox 787 1626 924 1689; x_wconf 88' lang='lat' dir='ltr'>quoque,</span> <span class='ocrx_word' id='word_1_114' title='bbox 945 1607 1076 1670; x_wconf 83' lang='lat' dir='ltr'>vicinam</span> <span class='ocrx_word' id='word_1_115' title='bbox 1099 1621 1231 1688; x_wconf 82' lang='lat' dir='ltr'>gentem,</span> 
     </span>
    </p>

    <p class='ocr_par' dir='ltr' id='par_1_14' title="bbox 94 1693 1231 1775">
     <span class='ocr_line' id='line_1_14' title="bbox 94 1693 1231 1775; baseline -0.006 -12"><span class='ocrx_word' id='word_1_116' title='bbox 94 1710 125 1762; x_wconf 75' lang='grc'>24</span> <span class='ocrx_word' id='word_1_117' title='bbox 146 1699 277 1761; x_wconf 88' lang='lat' dir='ltr'>concitat</span> <span class='ocrx_word' id='word_1_118' title='bbox 298 1706 328 1758; x_wconf 88' lang='lat' dir='ltr'>at</span> <span class='ocrx_word' id='word_1_119' title='bbox 349 1697 423 1758; x_wconf 90' lang='lat' dir='ltr'>alios</span> <span class='ocrx_word' id='word_1_120' title='bbox 445 1696 588 1758; x_wconf 85' lang='lat' dir='ltr'>finitimos</span> <span class='ocrx_word' id='word_1_121' title='bbox 609 1696 665 1758; x_wconf 89' lang='lat' dir='ltr'>sibi</span> <span class='ocrx_word' id='word_1_122' title='bbox 689 1704 778 1775; x_wconf 88' lang='lat' dir='ltr'>atque</span> <span class='ocrx_word' id='word_1_123' title='bbox 793 1694 851 1755; x_wconf 89' lang='lat' dir='ltr'>illis</span> <span class='ocrx_word' id='word_1_124' title='bbox 866 1693 1002 1774; x_wconf 76' lang='lat' dir='ltr'>populos</span> <span class='ocrx_word' id='word_1_125' title='bbox 1033 1694 1138 1774; x_wconf 91' lang='lat' dir='ltr'>itaque</span> <span class='ocrx_word' id='word_1_126' title='bbox 1156 1698 1231 1756; x_wconf 84' lang='lat' dir='ltr'>intra</span> 
     </span>
    </p>

    <p class='ocr_par' dir='ltr' id='par_1_15' title="bbox 149 1779 1229 1946">
     <span class='ocr_line' id='line_1_15' title="bbox 150 1779 1229 1862; baseline -0.002 -19"><span class='ocrx_word' id='word_1_127' title='bbox 150 1802 259 1862; x_wconf 73' lang='lat' dir='ltr'>qiaucos</span> <span class='ocrx_word' id='word_1_128' title='bbox 280 1783 343 1844; x_wconf 88' lang='lat' dir='ltr'>dies</span> <span class='ocrx_word' id='word_1_129' title='bbox 362 1782 482 1861; x_wconf 77' lang='lat' dir='ltr'>triginta</span> <span class='ocrx_word' id='word_1_130' title='bbox 504 1782 583 1843; x_wconf 90' lang='lat' dir='ltr'>milia</span> <span class='ocrx_word' id='word_1_131' title='bbox 605 1781 754 1861; x_wconf 85' lang='lat' dir='ltr'>peditum,</span> <span class='ocrx_word' id='word_1_132' title='bbox 776 1787 917 1859; x_wconf 90' lang='lat' dir='ltr'>quattuor</span> <span class='ocrx_word' id='word_1_133' title='bbox 937 1779 1032 1840; x_wconf 84' lang='lat' dir='ltr'>iernte</span> <span class='ocrx_word' id='word_1_134' title='bbox 1047 1781 1187 1860; x_wconf 90' lang='lat' dir='ltr'>equitum</span> <span class='ocrx_word' id='word_1_135' title='bbox 1202 1779 1229 1841; x_wconf 90' lang='lat' dir='ltr'>iu</span> 
     </span>
     <span class='ocr_line' id='line_1_16' title="bbox 149 1867 1001 1946; baseline -0.006 -16"><span class='ocrx_word' id='word_1_136' title='bbox 149 1869 329 1930; x_wconf 83' lang='lat' dir='ltr'>Sedetanum</span> <span class='ocrx_word' id='word_1_137' title='bbox 345 1885 459 1945; x_wconf 79' lang='lat' dir='ltr'>agrum,</span> <span class='ocrx_word' id='word_1_138' title='bbox 475 1886 536 1946; x_wconf 90' lang='lat' dir='ltr'>qun</span> <span class='ocrx_word' id='word_1_139' title='bbox 551 1867 679 1929; x_wconf 87' lang='lat' dir='ltr'>edictum</span> <span class='ocrx_word' id='word_1_140' title='bbox 695 1875 768 1941; x_wconf 75' lang='lat' dir='ltr'>erat,</span> <span class='ocrx_word' id='word_1_141' title='bbox 784 1872 1001 1926; x_wconf 79' lang='lat' dir='ltr'>conuenerunt.</span> 
     </span>
    </p>

    <p class='ocr_par' dir='ltr' id='par_1_16' title="bbox 114 1948 1231 2032">
     <span class='ocr_line' id='line_1_17' title="bbox 114 1948 1231 2032; baseline -0.001 -20"><span class='ocrx_word' id='word_1_142' title='bbox 114 1957 133 2012; x_wconf 78' lang='lat'>2</span> <span class='ocrx_word' id='word_1_143' title='bbox 237 1951 362 2012; x_wconf 81' lang='lat' dir='ltr'>Romani</span> <span class='ocrx_word' id='word_1_144' title='bbox 379 1970 499 2030; x_wconf 89' lang='lat' dir='ltr'>quoque</span> <span class='ocrx_word' id='word_1_145' title='bbox 513 1952 708 2032; x_wconf 88' lang='lat' dir='ltr'>imperatores</span> <span class='ocrx_word' id='word_1_146' title='bbox 723 1951 755 2012; x_wconf 81' lang='grc'>4..</span> <span class='ocrx_word' id='word_1_147' title='bbox 767 1950 913 2012; x_wconf 86' lang='lat' dir='ltr'>Lentulus</span> <span class='ocrx_word' id='word_1_148' title='bbox 927 1960 957 2010; x_wconf 89' lang='lat' dir='ltr'>et</span> <span class='ocrx_word' id='word_1_149' title='bbox 973 1948 1006 2009; x_wconf 89' lang='lat' dir='ltr'>L.</span> <span class='ocrx_word' id='word_1_150' title='bbox 1020 1948 1152 2013; x_wconf 87' lang='lat' dir='ltr'>llanlius</span> <span class='ocrx_word' id='word_1_151' title='bbox 1166 1950 1231 2011; x_wconf 80' lang='lat' dir='ltr'>Aci·</span> 
     </span>
    </p>

    <p class='ocr_par' dir='ltr' id='par_1_17' title="bbox 110 2034 1231 2117">
     <span class='ocr_line' id='line_1_18' title="bbox 110 2034 1231 2117; baseline -0.002 -18"><span class='ocrx_word' id='word_1_152' title='bbox 110 2049 126 2099; x_wconf 77' lang='grc'><strong>2</strong></span> <span class='ocrx_word' id='word_1_153' title='bbox 148 2036 246 2109; x_wconf 90' lang='lat' dir='ltr'>dinus,</span> <span class='ocrx_word' id='word_1_154' title='bbox 269 2055 307 2097; x_wconf 90' lang='lat' dir='ltr'>ne</span> <span class='ocrx_word' id='word_1_155' title='bbox 322 2036 460 2115; x_wconf 79' lang='lat' dir='ltr'>glisceret</span> <span class='ocrx_word' id='word_1_156' title='bbox 479 2035 574 2116; x_wconf 92' lang='lat' dir='ltr'>prima</span> <span class='ocrx_word' id='word_1_157' title='bbox 591 2037 776 2117; x_wconf 81' lang='lat' dir='ltr'>neglegendo</span> <span class='ocrx_word' id='word_1_158' title='bbox 792 2034 913 2108; x_wconf 89' lang='lat' dir='ltr'>bellum,</span> <span class='ocrx_word' id='word_1_159' title='bbox 935 2034 1047 2097; x_wconf 88' lang='lat' dir='ltr'>iunctis</span> <span class='ocrx_word' id='word_1_160' title='bbox 1061 2045 1094 2097; x_wconf 88' lang='lat' dir='ltr'>ct</span> <span class='ocrx_word' id='word_1_161' title='bbox 1109 2036 1166 2117; x_wconf 92' lang='lat' dir='ltr'>ipsi</span> <span class='ocrx_word' id='word_1_162' title='bbox 1182 2054 1231 2097; x_wconf 85' lang='lat' dir='ltr'>ex·</span> 
     </span>
    </p>

    <p class='ocr_par' dir='ltr' id='par_1_18' title="bbox 149 2121 1229 2201">
     <span class='ocr_line' id='line_1_19' title="bbox 149 2121 1229 2201; baseline 0.004 -21"><span class='ocrx_word' id='word_1_163' title='bbox 149 2121 291 2182; x_wconf 85' lang='lat' dir='ltr'>ercitibus</span> <span class='ocrx_word' id='word_1_164' title='bbox 313 2140 367 2199; x_wconf 89' lang='lat' dir='ltr'>per</span> <span class='ocrx_word' id='word_1_165' title='bbox 388 2139 493 2199; x_wconf 80' lang='lat' dir='ltr'>agrum</span> <span class='ocrx_word' id='word_1_166' title='bbox 516 2126 697 2184; x_wconf 77' lang='lat' dir='ltr'>Ausetanum</span> <span class='ocrx_word' id='word_1_167' title='bbox 720 2122 834 2183; x_wconf 83' lang='lat' dir='ltr'>bestico</span> <span class='ocrx_word' id='word_1_168' title='bbox 864 2130 1015 2199; x_wconf 91' lang='lat' dir='ltr'>tamquam</span> <span class='ocrx_word' id='word_1_169' title='bbox 1041 2130 1150 2201; x_wconf 82' lang='lat' dir='ltr'>pacato</span> <span class='ocrx_word' id='word_1_170' title='bbox 1174 2121 1229 2185; x_wconf 79' lang='lat' dir='ltr'>cle·</span> 
     </span>
    </p>

    <p class='ocr_par' dir='ltr' id='par_1_19' title="bbox 151 2205 1228 2284">
     <span class='ocr_line' id='line_1_20' title="bbox 151 2205 1228 2284; baseline 0.001 -18"><span class='ocrx_word' id='word_1_171' title='bbox 151 2215 266 2267; x_wconf 87' lang='lat' dir='ltr'>menter</span> <span class='ocrx_word' id='word_1_172' title='bbox 287 2206 384 2267; x_wconf 91' lang='lat' dir='ltr'>ductis</span> <span class='ocrx_word' id='word_1_173' title='bbox 406 2206 549 2269; x_wconf 87' lang='lat' dir='ltr'>militibus</span> <span class='ocrx_word' id='word_1_174' title='bbox 571 2207 606 2268; x_wconf 90' lang='grc'>44</span> <span class='ocrx_word' id='word_1_175' title='bbox 630 2207 728 2269; x_wconf 88' lang='lat' dir='ltr'>sedem</span> <span class='ocrx_word' id='word_1_176' title='bbox 749 2205 877 2268; x_wconf 88' lang='lat' dir='ltr'>bostium</span> <span class='ocrx_word' id='word_1_177' title='bbox 900 2223 1065 2284; x_wconf 85' lang='lat' dir='ltr'>pervenere</span> <span class='ocrx_word' id='word_1_178' title='bbox 1089 2217 1121 2267; x_wconf 90' lang='lat' dir='ltr'>et</span> <span class='ocrx_word' id='word_1_179' title='bbox 1143 2208 1228 2268; x_wconf 82' lang='lat' dir='ltr'>trium</span> 
     </span>
    </p>

    <p class='ocr_par' dir='ltr' id='par_1_20' title="bbox 111 2291 1229 2372">
     <span class='ocr_line' id='line_1_21' title="bbox 111 2291 1229 2372; baseline -0.001 -20"><span class='ocrx_word' id='word_1_180' title='bbox 111 2303 126 2352; x_wconf 76' lang='lat' dir='ltr'>tt</span> <span class='ocrx_word' id='word_1_181' title='bbox 150 2291 262 2352; x_wconf 92' lang='lat' dir='ltr'>milium</span> <span class='ocrx_word' id='word_1_182' title='bbox 285 2291 379 2370; x_wconf 88' lang='lat' dir='ltr'>spatio</span> <span class='ocrx_word' id='word_1_183' title='bbox 403 2293 507 2371; x_wconf 88' lang='lat' dir='ltr'>procul</span> <span class='ocrx_word' id='word_1_184' title='bbox 530 2311 545 2353; x_wconf 90' lang='lat' dir='ltr'>a</span> <span class='ocrx_word' id='word_1_185' title='bbox 569 2293 672 2354; x_wconf 90' lang='lat' dir='ltr'>castris</span> <span class='ocrx_word' id='word_1_186' title='bbox 694 2311 796 2353; x_wconf 89' lang='lat' dir='ltr'>eorum</span> <span class='ocrx_word' id='word_1_187' title='bbox 816 2299 982 2370; x_wconf 87' lang='lat' dir='ltr'>posuerunt</span> <span class='ocrx_word' id='word_1_188' title='bbox 998 2300 1106 2352; x_wconf 86' lang='lat' dir='ltr'>castra.</span> <span class='ocrx_word' id='word_1_189' title='bbox 1136 2292 1229 2372; x_wconf 79' lang='lat' dir='ltr'>ptimo</span> 
     </span>
    </p>
   </div>
   <div class='ocr_carea' id='block_1_3' title="bbox 150 2408 1231 3840">
    <p class='ocr_par' dir='ltr' id='par_1_21' title="bbox 150 2408 1230 2608">
     <span class='ocr_line' id='line_1_22' title="bbox 151 2408 1230 2476; baseline -0.002 -16"><span class='ocrx_word' id='word_1_190' title='bbox 151 2408 242 2476; x_wconf 78' lang='lat' dir='ltr'>gebdrt</span> <span class='ocrx_word' id='word_1_191' title='bbox 260 2424 291 2459; x_wconf 86' lang='lat' dir='ltr'>zu</span> <span class='ocrx_word' id='word_1_192' title='bbox 311 2412 403 2461; x_wconf 77' lang='lat' dir='ltr'>caeeis.</span> <span class='ocrx_word' id='word_1_193' title='bbox 422 2414 616 2475; x_wconf 81' lang='lat' dir='ltr'>-postquam</span> <span class='ocrx_word' id='word_1_194' title='bbox 636 2445 663 2460; x_wconf 89' lang='lat'>..</span> <span class='ocrx_word' id='word_1_195' title='bbox 714 2428 805 2475; x_wconf 76' lang='grc' dir='ltr'>μενοι,</span> <span class='ocrx_word' id='word_1_196' title='bbox 829 2445 835 2459; x_wconf 92' lang='grc'><strong>.</strong></span> <span class='ocrx_word' id='word_1_197' title='bbox 855 2445 861 2458; x_wconf 95' lang='grc'><strong>.</strong></span> <span class='ocrx_word' id='word_1_198' title='bbox 880 2409 1019 2474; x_wconf 75' lang='grc' dir='ltr'>ἁρμοστάς</span> <span class='ocrx_word' id='word_1_199' title='bbox 1042 2410 1058 2472; x_wconf 81' lang='grc' dir='ltr'><em>ἢ</em></span> <span class='ocrx_word' id='word_1_200' title='bbox 1084 2413 1230 2461; x_wconf 68' lang='lat' dir='ltr'>eurardum</span> 
     </span>
     <span class='ocr_line' id='line_1_23' title="bbox 150 2477 1229 2607; baseline -0.003 -9"><span class='ocrx_word' id='word_1_201' title='bbox 150 2478 600 2598; x_wconf 58' lang='lat' dir='ltr'>titttlltl&#39;ttltll“llll</span> <span class='ocrx_word' id='word_1_202' title='bbox 615 2477 663 2529; x_wconf 73' lang='lat'>‘¹⁸¹¹</span> <span class='ocrx_word' id='word_1_203' title='bbox 716 2480 879 2607; x_wconf 63' lang='grc' dir='ltr'><strong>243ἱὶ4ῗῖ</strong></span> <span class='ocrx_word' id='word_1_204' title='bbox 895 2478 1013 2596; x_wconf 67' lang='lat' dir='ltr'>:llll</span> <span class='ocrx_word' id='word_1_205' title='bbox 1026 2479 1229 2598; x_wconf 63' lang='lat' dir='ltr'>⁸3⁰·“‘’i{i&#39;a{</span> 
     </span>
     <span class='ocr_line' id='line_1_24' title="bbox 591 2572 1228 2608; baseline 0 -12"><span class='ocrx_word' id='word_1_206' title='bbox 591 2585 597 2596; x_wconf 70' lang='grc' dir='ltr'>ι</span> <span class='ocrx_word' id='word_1_207' title='bbox 909 2582 915 2594; x_wconf 79' lang='grc' dir='ltr'>ι</span> <span class='ocrx_word' id='word_1_208' title='bbox 964 2580 970 2603; x_wconf 67' lang='lat' dir='ltr'>p</span> <span class='ocrx_word' id='word_1_209' title='bbox 1019 2573 1115 2608; x_wconf 70' lang='lat'>9⁹-</span> <span class='ocrx_word' id='word_1_210' title='bbox 1219 2572 1228 2582; x_wconf 92' lang='grc'><em>“</em></span> 
     </span>
    </p>

    <p class='ocr_par' dir='ltr' id='par_1_22' title="bbox 151 2612 1231 3840">
     <span class='ocr_line' id='line_1_25' title="bbox 186 2612 1125 2680; baseline 0 -14"><span class='ocrx_word' id='word_1_211' title='bbox 186 2616 229 2668; x_wconf 85' lang='grc'>24.</span> <span class='ocrx_word' id='word_1_212' title='bbox 248 2616 368 2678; x_wconf 81' lang='lat' dir='ltr'>nomina]</span> <span class='ocrx_word' id='word_1_213' title='bbox 387 2614 439 2680; x_wconf 73' lang='lat' dir='ltr'>rgl.</span> <span class='ocrx_word' id='word_1_214' title='bbox 459 2616 488 2677; x_wconf 92' lang='grc'>3,</span> <span class='ocrx_word' id='word_1_215' title='bbox 507 2616 552 2679; x_wconf 83' lang='grc'>65,</span> <span class='ocrx_word' id='word_1_216' title='bbox 574 2617 613 2666; x_wconf 88' lang='grc'>40.</span> <span class='ocrx_word' id='word_1_217' title='bbox 631 2640 666 2652; x_wconf 94' lang='grc'>-</span> <span class='ocrx_word' id='word_1_218' title='bbox 717 2628 782 2664; x_wconf 81' lang='lat' dir='ltr'>num</span> <span class='ocrx_word' id='word_1_219' title='bbox 799 2613 906 2676; x_wconf 79' lang='lat' dir='ltr'>agrum]</span> <span class='ocrx_word' id='word_1_220' title='bbox 925 2612 975 2662; x_wconf 88' lang='lat' dir='ltr'>wie</span> <span class='ocrx_word' id='word_1_221' title='bbox 988 2613 1031 2674; x_wconf 86' lang='grc'>28,</span> <span class='ocrx_word' id='word_1_222' title='bbox 1044 2615 1087 2676; x_wconf 98' lang='grc'>24,</span> <span class='ocrx_word' id='word_1_223' title='bbox 1099 2617 1125 2666; x_wconf 95' lang='grc'>4.</span> 
     </span>
     <span class='ocr_line' id='line_1_26' title="bbox 151 2677 1228 2746; baseline 0 -14"><span class='ocrx_word' id='word_1_224' title='bbox 151 2685 299 2733; x_wconf 64' lang='lat' dir='ltr'>exereitum</span> <span class='ocrx_word' id='word_1_225' title='bbox 317 2719 324 2734; x_wconf 85' lang='lat'><strong>.</strong></span> <span class='ocrx_word' id='word_1_226' title='bbox 344 2721 350 2736; x_wconf 93' lang='lat'><em>.</em></span> <span class='ocrx_word' id='word_1_227' title='bbox 370 2683 520 2745; x_wconf 80' lang='lat' dir='ltr'>deductum]</span> <span class='ocrx_word' id='word_1_228' title='bbox 544 2681 599 2733; x_wconf 91' lang='lat' dir='ltr'>dies</span> <span class='ocrx_word' id='word_1_229' title='bbox 622 2681 666 2733; x_wconf 88' lang='lat' dir='ltr'>bat</span> <span class='ocrx_word' id='word_1_230' title='bbox 752 2679 781 2735; x_wconf 80' lang='lat'>2.</span> <span class='ocrx_word' id='word_1_231' title='bbox 796 2682 818 2734; x_wconf 72' lang='lat'>1,</span> <span class='ocrx_word' id='word_1_232' title='bbox 827 2682 926 2746; x_wconf 81' lang='lat' dir='ltr'>primu]</span> <span class='ocrx_word' id='word_1_233' title='bbox 937 2677 989 2730; x_wconf 85' lang='lat' dir='ltr'>‘die</span> <span class='ocrx_word' id='word_1_234' title='bbox 998 2687 1086 2732; x_wconf 79' lang='lat' dir='ltr'>ersten</span> <span class='ocrx_word' id='word_1_235' title='bbox 1095 2677 1228 2746; x_wconf 72' lang='lat' dir='ltr'>dnlinqe&#39;.</span> 
     </span>
     <span class='ocr_line' id='line_1_27' title="bbox 152 2739 1230 2816; baseline -0.004 -14"><span class='ocrx_word' id='word_1_236' title='bbox 152 2751 239 2802; x_wconf 81' lang='lat' dir='ltr'>Livius</span> <span class='ocrx_word' id='word_1_237' title='bbox 249 2752 290 2813; x_wconf 83' lang='grc'>23,</span> <span class='ocrx_word' id='word_1_238' title='bbox 302 2752 364 2813; x_wconf 65' lang='lat' dir='ltr'>ast</span> <span class='ocrx_word' id='word_1_239' title='bbox 379 2751 449 2802; x_wconf 83' lang='lat' dir='ltr'>nicht</span> <span class='ocrx_word' id='word_1_240' title='bbox 458 2749 583 2814; x_wconf 82' lang='lat' dir='ltr'>erwibut‚</span> <span class='ocrx_word' id='word_1_241' title='bbox 598 2750 665 2801; x_wconf 84' lang='lat' dir='ltr'>wohl</span> <span class='ocrx_word' id='word_1_242' title='bbox 754 2752 777 2800; x_wconf 88' lang='grc'>2.</span> <span class='ocrx_word' id='word_1_243' title='bbox 791 2752 851 2814; x_wconf 79' lang='lat' dir='ltr'>ipat]</span> <span class='ocrx_word' id='word_1_244' title='bbox 861 2739 1040 2814; x_wconf 75' lang='lat' dir='ltr'>‘glricblalls&#39;,</span> <span class='ocrx_word' id='word_1_245' title='bbox 1053 2750 1078 2800; x_wconf 91' lang='lat' dir='ltr'>in</span> <span class='ocrx_word' id='word_1_246' title='bbox 1095 2749 1182 2816; x_wconf 76' lang='lat' dir='ltr'>Bezuq</span> <span class='ocrx_word' id='word_1_247' title='bbox 1190 2747 1230 2799; x_wconf 83' lang='grc'>444</span> 
     </span>
     <span class='ocr_line' id='line_1_28' title="bbox 153 2814 1228 2893; baseline -0.003 -23"><span class='ocrx_word' id='word_1_248' title='bbox 153 2819 214 2870; x_wconf 85' lang='lat' dir='ltr'>aber</span> <span class='ocrx_word' id='word_1_249' title='bbox 249 2819 363 2886; x_wconf 80' lang='lat' dir='ltr'>Appian:</span> <span class='ocrx_word' id='word_1_250' title='bbox 412 2820 538 2870; x_wconf 75' lang='grc' dir='ltr'><strong><em>Σκιπίων</em></strong></span> <span class='ocrx_word' id='word_1_251' title='bbox 574 2814 666 2893; x_wconf 67' lang='lat' dir='ltr'>dltypv</span> <span class='ocrx_word' id='word_1_252' title='bbox 720 2817 1228 2882; x_wconf 70' lang='lat' dir='ltr'>t‚tc:eonven0rnntgesegt;diescet·</span> 
     </span>
     <span class='ocr_line' id='line_1_29' title="bbox 154 2883 1227 2955; baseline -0.003 -17"><span class='ocrx_word' id='word_1_253' title='bbox 154 2891 287 2955; x_wconf 73' lang='grc' dir='ltr'>στρατιάν</span> <span class='ocrx_word' id='word_1_254' title='bbox 311 2888 348 2937; x_wconf 77' lang='lat' dir='ltr'>dr</span> <span class='ocrx_word' id='word_1_255' title='bbox 370 2891 415 2938; x_wconf 74' lang='grc'><strong>4444</strong></span> <span class='ocrx_word' id='word_1_256' title='bbox 442 2889 534 2955; x_wconf 67' lang='lat' dir='ltr'>alprlip</span> <span class='ocrx_word' id='word_1_257' title='bbox 559 2896 666 2937; x_wconf 75' lang='grc'><strong>44444444-</strong></span> <span class='ocrx_word' id='word_1_258' title='bbox 717 2886 779 2949; x_wconf 76' lang='lat' dir='ltr'>lunq</span> <span class='ocrx_word' id='word_1_259' title='bbox 792 2884 837 2936; x_wconf 91' lang='lat' dir='ltr'>des</span> <span class='ocrx_word' id='word_1_260' title='bbox 849 2890 875 2935; x_wconf 84' lang='lat' dir='ltr'>et</span> <span class='ocrx_word' id='word_1_261' title='bbox 887 2888 940 2950; x_wconf 79' lang='lat' dir='ltr'>ipsi</span> <span class='ocrx_word' id='word_1_262' title='bbox 951 2883 1047 2936; x_wconf 81' lang='lat' dir='ltr'>erltlirt</span> <span class='ocrx_word' id='word_1_263' title='bbox 1064 2886 1121 2938; x_wconf 84' lang='lat' dir='ltr'>sich</span> <span class='ocrx_word' id='word_1_264' title='bbox 1133 2886 1227 2947; x_wconf 87' lang='lat' dir='ltr'>daraus,</span> 
     </span>
     <span class='ocr_line' id='line_1_30' title="bbox 154 2952 1227 3020; baseline -0.003 -14"><span class='ocrx_word' id='word_1_265' title='bbox 154 2959 225 3007; x_wconf 83' lang='grc' dir='ltr'>πών.</span> <span class='ocrx_word' id='word_1_266' title='bbox 242 2984 277 2995; x_wconf 96' lang='grc'>-</span> <span class='ocrx_word' id='word_1_267' title='bbox 294 2957 418 3018; x_wconf 73' lang='lat' dir='ltr'>laederent]</span> <span class='ocrx_word' id='word_1_268' title='bbox 442 2959 505 3007; x_wconf 87' lang='grc'><strong>44444</strong></span> <span class='ocrx_word' id='word_1_269' title='bbox 529 2959 667 3020; x_wconf 79' lang='lat' dir='ltr'>urgueret,</span> <span class='ocrx_word' id='word_1_270' title='bbox 718 2954 774 3004; x_wconf 85' lang='grc'><strong>4444</strong></span> <span class='ocrx_word' id='word_1_271' title='bbox 798 2969 827 3004; x_wconf 84' lang='lat' dir='ltr'>es</span> <span class='ocrx_word' id='word_1_272' title='bbox 850 2968 881 3003; x_wconf 87' lang='lat' dir='ltr'>zu</span> <span class='ocrx_word' id='word_1_273' title='bbox 900 2952 957 3004; x_wconf 90' lang='lat' dir='ltr'>dem</span> <span class='ocrx_word' id='word_1_274' title='bbox 977 2952 1037 3006; x_wconf 80' lang='lat' dir='ltr'>Abi.</span> <span class='ocrx_word' id='word_1_275' title='bbox 1057 2954 1113 3005; x_wconf 75' lang='grc'>444</span> <span class='ocrx_word' id='word_1_276' title='bbox 1133 2953 1179 3006; x_wconf 80' lang='lat' dir='ltr'>das</span> <span class='ocrx_word' id='word_1_277' title='bbox 1196 2954 1227 3004; x_wconf 78' lang='grc'>44</span> 
     </span>
     <span class='ocr_line' id='line_1_31' title="bbox 154 3020 1227 3089; baseline -0.004 -15"><span class='ocrx_word' id='word_1_278' title='bbox 154 3025 194 3074; x_wconf 85' lang='lat' dir='ltr'>uin</span> <span class='ocrx_word' id='word_1_279' title='bbox 215 3024 254 3074; x_wconf 90' lang='lat' dir='ltr'>bei</span> <span class='ocrx_word' id='word_1_280' title='bbox 275 3024 359 3075; x_wconf 83' lang='lat' dir='ltr'>Livius</span> <span class='ocrx_word' id='word_1_281' title='bbox 379 3025 448 3074; x_wconf 88' lang='lat' dir='ltr'>nicbt</span> <span class='ocrx_word' id='word_1_282' title='bbox 467 3023 579 3074; x_wconf 87' lang='lat' dir='ltr'>seltener</span> <span class='ocrx_word' id='word_1_283' title='bbox 591 3023 666 3075; x_wconf 83' lang='lat' dir='ltr'>Tem·</span> <span class='ocrx_word' id='word_1_284' title='bbox 718 3020 1125 3088; x_wconf 77' lang='lat' dir='ltr'>gisebeSubjelttbildet.—per</span> <span class='ocrx_word' id='word_1_285' title='bbox 1138 3037 1227 3089; x_wconf 74' lang='lat' dir='ltr'>agi-un</span> 
     </span>
     <span class='ocr_line' id='line_1_32' title="bbox 156 3089 1227 3159; baseline -0.002 -18"><span class='ocrx_word' id='word_1_286' title='bbox 156 3091 329 3154; x_wconf 82' lang='lat' dir='ltr'>pusweclisel;</span> <span class='ocrx_word' id='word_1_287' title='bbox 357 3092 410 3142; x_wconf 90' lang='lat' dir='ltr'>bier</span> <span class='ocrx_word' id='word_1_288' title='bbox 433 3091 496 3141; x_wconf 86' lang='lat' dir='ltr'>wird</span> <span class='ocrx_word' id='word_1_289' title='bbox 520 3092 598 3143; x_wconf 87' lang='lat' dir='ltr'>durch</span> <span class='ocrx_word' id='word_1_290' title='bbox 622 3091 667 3143; x_wconf 88' lang='lat' dir='ltr'>das</span> <span class='ocrx_word' id='word_1_291' title='bbox 718 3092 893 3151; x_wconf 80' lang='lat' dir='ltr'>Ausetanum]</span> <span class='ocrx_word' id='word_1_292' title='bbox 912 3089 1004 3155; x_wconf 81' lang='lat' dir='ltr'>gehtirt</span> <span class='ocrx_word' id='word_1_293' title='bbox 1026 3105 1059 3141; x_wconf 79' lang='lat' dir='ltr'>zu</span> <span class='ocrx_word' id='word_1_294' title='bbox 1075 3106 1227 3159; x_wconf 54' lang='lat' dir='ltr'>peruenere</span> 
     </span>
     <span class='ocr_line' id='line_1_33' title="bbox 156 3157 1229 3226; baseline 0 -18"><span class='ocrx_word' id='word_1_295' title='bbox 156 3158 263 3209; x_wconf 78' lang='lat' dir='ltr'>Prdsena</span> <span class='ocrx_word' id='word_1_296' title='bbox 298 3158 339 3209; x_wconf 88' lang='lat' dir='ltr'>die</span> <span class='ocrx_word' id='word_1_297' title='bbox 375 3161 566 3226; x_wconf 71' lang='lat' dir='ltr'>pegeuwdrtige</span> <span class='ocrx_word' id='word_1_298' title='bbox 600 3160 667 3226; x_wconf 78' lang='lat' dir='ltr'>lnge</span> <span class='ocrx_word' id='word_1_299' title='bbox 719 3157 1229 3222; x_wconf 64' lang='lat' dir='ltr'>dagegenlmsticnaudactis-bestico</span> 
     </span>
     <span class='ocr_line' id='line_1_34' title="bbox 155 3223 1228 3291; baseline 0.001 -14"><span class='ocrx_word' id='word_1_300' title='bbox 155 3225 268 3277; x_wconf 78' lang='grc'><strong>44444444</strong></span> <span class='ocrx_word' id='word_1_301' title='bbox 286 3226 506 3291; x_wconf 76' lang='lat' dir='ltr'>hervorgeboben.</span> <span class='ocrx_word' id='word_1_302' title='bbox 718 3230 748 3289; x_wconf 91' lang='lat'>..]</span> <span class='ocrx_word' id='word_1_303' title='bbox 763 3226 821 3277; x_wconf 80' lang='grc'><strong>4444.</strong></span> <span class='ocrx_word' id='word_1_304' title='bbox 833 3226 879 3277; x_wconf 84' lang='grc'>444</span> <span class='ocrx_word' id='word_1_305' title='bbox 890 3224 997 3291; x_wconf 73' lang='lat' dir='ltr'>weges:</span> <span class='ocrx_word' id='word_1_306' title='bbox 1009 3223 1099 3279; x_wconf 85' lang='lat' dir='ltr'>‘durch</span> <span class='ocrx_word' id='word_1_307' title='bbox 1114 3226 1228 3280; x_wconf 81' lang='lat' dir='ltr'>Peindes·</span> 
     </span>
     <span class='ocr_line' id='line_1_35' title="bbox 190 3286 1228 3361; baseline -0.001 -16"><span class='ocrx_word' id='word_1_308' title='bbox 190 3296 231 3345; x_wconf 88' lang='grc'>22.</span> <span class='ocrx_word' id='word_1_309' title='bbox 251 3295 357 3359; x_wconf 82' lang='lat' dir='ltr'>trepida</span> <span class='ocrx_word' id='word_1_310' title='bbox 376 3298 475 3359; x_wconf 83' lang='grc' dir='ltr'><strong>44444ιί4]</strong></span> <span class='ocrx_word' id='word_1_311' title='bbox 494 3296 546 3361; x_wconf 80' lang='lat' dir='ltr'>rgl.</span> <span class='ocrx_word' id='word_1_312' title='bbox 566 3298 612 3360; x_wconf 89' lang='grc'>24,</span> <span class='ocrx_word' id='word_1_313' title='bbox 625 3298 667 3361; x_wconf 84' lang='grc'>43,</span> <span class='ocrx_word' id='word_1_314' title='bbox 718 3296 786 3358; x_wconf 88' lang='grc'><strong>44444,</strong></span> <span class='ocrx_word' id='word_1_315' title='bbox 805 3295 843 3345; x_wconf 89' lang='lat' dir='ltr'>als</span> <span class='ocrx_word' id='word_1_316' title='bbox 856 3294 889 3344; x_wconf 92' lang='lat' dir='ltr'>ob</span> <span class='ocrx_word' id='word_1_317' title='bbox 903 3308 958 3345; x_wconf 85' lang='lat' dir='ltr'>es..</span> <span class='ocrx_word' id='word_1_318' title='bbox 972 3286 1066 3353; x_wconf 74' lang='lat' dir='ltr'>wire&#39;;</span> <span class='ocrx_word' id='word_1_319' title='bbox 1087 3311 1118 3348; x_wconf 86' lang='lat' dir='ltr'>zu</span> <span class='ocrx_word' id='word_1_320' title='bbox 1133 3298 1228 3348; x_wconf 80' lang='grc'><strong>4444444</strong></span> 
     </span>
     <span class='ocr_line' id='line_1_36' title="bbox 157 3363 1229 3431; baseline 0.002 -18"><span class='ocrx_word' id='word_1_321' title='bbox 157 3365 183 3413; x_wconf 84' lang='lat' dir='ltr'>i:</span> <span class='ocrx_word' id='word_1_322' title='bbox 203 3365 293 3412; x_wconf 80' lang='lat' dir='ltr'>omnia</span> <span class='ocrx_word' id='word_1_323' title='bbox 310 3399 317 3413; x_wconf 91' lang='lat'>.</span> <span class='ocrx_word' id='word_1_324' title='bbox 337 3399 343 3412; x_wconf 93' lang='lat'><em>.</em></span> <span class='ocrx_word' id='word_1_325' title='bbox 362 3366 505 3414; x_wconf 81' lang='lat' dir='ltr'>temeraria</span> <span class='ocrx_word' id='word_1_326' title='bbox 525 3380 586 3414; x_wconf 83' lang='grc'><strong>4444.</strong></span> <span class='ocrx_word' id='word_1_327' title='bbox 719 3363 771 3427; x_wconf 74' lang='lat' dir='ltr'>rgl.</span> <span class='ocrx_word' id='word_1_328' title='bbox 790 3365 831 3424; x_wconf 83' lang='grc'>28,</span> <span class='ocrx_word' id='word_1_329' title='bbox 845 3364 886 3424; x_wconf 86' lang='grc'>24,</span> <span class='ocrx_word' id='word_1_330' title='bbox 899 3364 926 3420; x_wconf 75' lang='grc'>64</span> <span class='ocrx_word' id='word_1_331' title='bbox 951 3377 981 3413; x_wconf 81' lang='lat' dir='ltr'>zu</span> <span class='ocrx_word' id='word_1_332' title='bbox 998 3371 1098 3427; x_wconf 81' lang='lat' dir='ltr'>pacato</span> <span class='ocrx_word' id='word_1_333' title='bbox 1120 3364 1174 3431; x_wconf 77' lang='lat' dir='ltr'>rgl.</span> <span class='ocrx_word' id='word_1_334' title='bbox 1193 3366 1229 3425; x_wconf 84' lang='grc'>34,</span> 
     </span>
     <span class='ocr_line' id='line_1_37' title="bbox 191 3429 1229 3497; baseline 0.003 -16"><span class='ocrx_word' id='word_1_335' title='bbox 191 3433 232 3482; x_wconf 81' lang='grc'>25.</span> <span class='ocrx_word' id='word_1_336' title='bbox 243 3432 372 3497; x_wconf 82' lang='lat' dir='ltr'>taliaque]</span> <span class='ocrx_word' id='word_1_337' title='bbox 391 3447 411 3481; x_wconf 92' lang='lat' dir='ltr'>s.</span> <span class='ocrx_word' id='word_1_338' title='bbox 425 3448 456 3483; x_wconf 87' lang='lat' dir='ltr'>zu</span> <span class='ocrx_word' id='word_1_339' title='bbox 470 3436 512 3495; x_wconf 85' lang='grc'>21,</span> <span class='ocrx_word' id='word_1_340' title='bbox 525 3436 566 3496; x_wconf 86' lang='grc'>53,</span> <span class='ocrx_word' id='word_1_341' title='bbox 582 3436 622 3485; x_wconf 87' lang='lat' dir='ltr'>ll.</span> <span class='ocrx_word' id='word_1_342' title='bbox 634 3459 668 3469; x_wconf 89' lang='lat'>—</span> <span class='ocrx_word' id='word_1_343' title='bbox 719 3435 760 3493; x_wconf 79' lang='grc'>23,</span> <span class='ocrx_word' id='word_1_344' title='bbox 773 3433 800 3490; x_wconf 74' lang='grc'>34</span> <span class='ocrx_word' id='word_1_345' title='bbox 825 3431 887 3482; x_wconf 86' lang='lat' dir='ltr'>tiber</span> <span class='ocrx_word' id='word_1_346' title='bbox 910 3429 958 3481; x_wconf 88' lang='lat' dir='ltr'>den</span> <span class='ocrx_word' id='word_1_347' title='bbox 976 3430 1082 3483; x_wconf 82' lang='lat' dir='ltr'>Ablatis</span> <span class='ocrx_word' id='word_1_348' title='bbox 1106 3447 1128 3484; x_wconf 79' lang='lat' dir='ltr'>s.</span> <span class='ocrx_word' id='word_1_349' title='bbox 1144 3448 1175 3484; x_wconf 79' lang='lat' dir='ltr'>zu</span> <span class='ocrx_word' id='word_1_350' title='bbox 1193 3434 1229 3485; x_wconf 82' lang='lat' dir='ltr'>m.</span> 
     </span>
     <span class='ocr_line' id='line_1_38' title="bbox 155 3499 1229 3566; baseline 0.001 -16"><span class='ocrx_word' id='word_1_351' title='bbox 155 3499 304 3564; x_wconf 80' lang='lat' dir='ltr'>popularis]</span> <span class='ocrx_word' id='word_1_352' title='bbox 315 3500 355 3550; x_wconf 88' lang='lat' dir='ltr'>die</span> <span class='ocrx_word' id='word_1_353' title='bbox 365 3499 501 3566; x_wconf 70' lang='lat' dir='ltr'>Ilergetes:</span> <span class='ocrx_word' id='word_1_354' title='bbox 513 3517 533 3552; x_wconf 87' lang='lat' dir='ltr'>s.</span> <span class='ocrx_word' id='word_1_355' title='bbox 544 3504 559 3564; x_wconf 67' lang='grc' dir='ltr'><strong>ξ</strong></span> <span class='ocrx_word' id='word_1_356' title='bbox 572 3504 615 3560; x_wconf 87' lang='grc'>13;</span> <span class='ocrx_word' id='word_1_357' title='bbox 627 3499 668 3551; x_wconf 88' lang='grc'>444</span> <span class='ocrx_word' id='word_1_358' title='bbox 721 3502 761 3562; x_wconf 87' lang='lat'>10,</span> <span class='ocrx_word' id='word_1_359' title='bbox 776 3503 804 3558; x_wconf 85' lang='lat' dir='ltr'>l;</span> <span class='ocrx_word' id='word_1_360' title='bbox 823 3514 854 3549; x_wconf 84' lang='lat' dir='ltr'>zu</span> <span class='ocrx_word' id='word_1_361' title='bbox 874 3500 1016 3550; x_wconf 79' lang='lat' dir='ltr'>clmnenter</span> <span class='ocrx_word' id='word_1_362' title='bbox 1033 3500 1086 3565; x_wconf 75' lang='lat' dir='ltr'>rgl.</span> <span class='ocrx_word' id='word_1_363' title='bbox 1100 3501 1143 3565; x_wconf 81' lang='grc'>36,</span> <span class='ocrx_word' id='word_1_364' title='bbox 1156 3503 1196 3559; x_wconf 86' lang='grc'><strong>244,</strong></span> <span class='ocrx_word' id='word_1_365' title='bbox 1208 3502 1229 3551; x_wconf 75' lang='grc'><strong>2</strong></span> 
     </span>
     <span class='ocr_line' id='line_1_39' title="bbox 159 3566 1230 3628; baseline 0.005 -13"><span class='ocrx_word' id='word_1_366' title='bbox 159 3566 265 3628; x_wconf 82' lang='grc'><strong>44444444,</strong></span> <span class='ocrx_word' id='word_1_367' title='bbox 284 3568 382 3619; x_wconf 80' lang='lat' dir='ltr'>welche</span> <span class='ocrx_word' id='word_1_368' title='bbox 400 3569 454 3620; x_wconf 88' lang='lat' dir='ltr'>sicb</span> <span class='ocrx_word' id='word_1_369' title='bbox 474 3578 559 3620; x_wconf 85' lang='lat' dir='ltr'>zuerst</span> <span class='ocrx_word' id='word_1_370' title='bbox 576 3584 607 3619; x_wconf 88' lang='lat' dir='ltr'>an</span> <span class='ocrx_word' id='word_1_371' title='bbox 627 3566 669 3618; x_wconf 87' lang='lat' dir='ltr'>die</span> <span class='ocrx_word' id='word_1_372' title='bbox 719 3572 776 3618; x_wconf 82' lang='lat' dir='ltr'>sine</span> <span class='ocrx_word' id='word_1_373' title='bbox 789 3569 933 3618; x_wconf 66' lang='lat' dir='ltr'>uenatione</span> <span class='ocrx_word' id='word_1_374' title='bbox 945 3567 1027 3617; x_wconf 78' lang='lat' dir='ltr'>ullius</span> <span class='ocrx_word' id='word_1_375' title='bbox 1039 3571 1089 3622; x_wconf 82' lang='lat' dir='ltr'>rei.</span> <span class='ocrx_word' id='word_1_376' title='bbox 1102 3597 1137 3608; x_wconf 93' lang='lat'>—</span> <span class='ocrx_word' id='word_1_377' title='bbox 1149 3569 1230 3620; x_wconf 76' lang='lat' dir='ltr'>unctu</span> 
     </span>
     <span class='ocr_line' id='line_1_40' title="bbox 159 3633 1230 3700; baseline 0.001 -15"><span class='ocrx_word' id='word_1_378' title='bbox 159 3633 249 3685; x_wconf 84' lang='lat' dir='ltr'>Rbmer</span> <span class='ocrx_word' id='word_1_379' title='bbox 276 3636 475 3700; x_wconf 78' lang='lat' dir='ltr'>angescblossen</span> <span class='ocrx_word' id='word_1_380' title='bbox 500 3638 583 3688; x_wconf 88' lang='lat' dir='ltr'>haben</span> <span class='ocrx_word' id='word_1_381' title='bbox 610 3639 667 3698; x_wconf 87' lang='lat' dir='ltr'>(nur</span> <span class='ocrx_word' id='word_1_382' title='bbox 719 3636 850 3687; x_wconf 77' lang='lat' dir='ltr'>militibus</span> <span class='ocrx_word' id='word_1_383' title='bbox 879 3637 914 3686; x_wconf 93' lang='lat' dir='ltr'>ist</span> <span class='ocrx_word' id='word_1_384' title='bbox 943 3638 1045 3686; x_wconf 76' lang='lat' dir='ltr'>iunctis</span> <span class='ocrx_word' id='word_1_385' title='bbox 1072 3640 1230 3688; x_wconf 73' lang='grc'><strong>4444444444</strong></span> 
     </span>
     <span class='ocr_line' id='line_1_41' title="bbox 157 3702 1228 3769; baseline 0.001 -16"><span class='ocrx_word' id='word_1_386' title='bbox 157 3702 198 3754; x_wconf 87' lang='grc'>444</span> <span class='ocrx_word' id='word_1_387' title='bbox 208 3703 345 3756; x_wconf 63' lang='grc'><strong>4444444444</strong></span> <span class='ocrx_word' id='word_1_388' title='bbox 354 3706 456 3757; x_wconf 83' lang='lat' dir='ltr'>werden</span> <span class='ocrx_word' id='word_1_389' title='bbox 469 3722 500 3758; x_wconf 89' lang='lat' dir='ltr'>an</span> <span class='ocrx_word' id='word_1_390' title='bbox 510 3721 536 3759; x_wconf 89' lang='lat' dir='ltr'>u.</span> <span class='ocrx_word' id='word_1_391' title='bbox 546 3705 584 3758; x_wconf 76' lang='lat' dir='ltr'>St</span> <span class='ocrx_word' id='word_1_392' title='bbox 598 3704 668 3756; x_wconf 86' lang='lat' dir='ltr'>nicbt</span> <span class='ocrx_word' id='word_1_393' title='bbox 720 3704 931 3768; x_wconf 79' lang='lat' dir='ltr'>untergeordnet;</span> <span class='ocrx_word' id='word_1_394' title='bbox 942 3704 994 3769; x_wconf 78' lang='lat' dir='ltr'>ugl.</span> <span class='ocrx_word' id='word_1_395' title='bbox 1007 3707 1048 3765; x_wconf 78' lang='lat'>35,</span> <span class='ocrx_word' id='word_1_396' title='bbox 1057 3707 1083 3757; x_wconf 82' lang='grc'>4.</span> <span class='ocrx_word' id='word_1_397' title='bbox 1096 3735 1126 3743; x_wconf 94' lang='grc'><strong>-</strong></span> <span class='ocrx_word' id='word_1_398' title='bbox 1138 3706 1228 3766; x_wconf 79' lang='lat' dir='ltr'>sedem]</span> 
     </span>
     <span class='ocr_line' id='line_1_42' title="bbox 158 3771 1231 3840; baseline 0.003 -18"><span class='ocrx_word' id='word_1_399' title='bbox 158 3771 297 3824; x_wconf 88' lang='lat' dir='ltr'>besonders</span> <span class='ocrx_word' id='word_1_400' title='bbox 324 3774 452 3833; x_wconf 73' lang='lat' dir='ltr'>erwalmt3</span> <span class='ocrx_word' id='word_1_401' title='bbox 481 3789 500 3825; x_wconf 85' lang='grc'>4.</span> <span class='ocrx_word' id='word_1_402' title='bbox 514 3775 668 3837; x_wconf 78' lang='grc'><strong>26,24,4),</strong></span> <span class='ocrx_word' id='word_1_403' title='bbox 720 3772 761 3824; x_wconf 89' lang='grc'>444</span> <span class='ocrx_word' id='word_1_404' title='bbox 781 3772 868 3835; x_wconf 88' lang='lat' dir='ltr'>Stelle,</span> <span class='ocrx_word' id='word_1_405' title='bbox 888 3788 929 3823; x_wconf 84' lang='lat' dir='ltr'>wo</span> <span class='ocrx_word' id='word_1_406' title='bbox 947 3774 984 3824; x_wconf 90' lang='lat' dir='ltr'>sie</span> <span class='ocrx_word' id='word_1_407' title='bbox 1001 3773 1056 3824; x_wconf 87' lang='lat' dir='ltr'>sich</span> <span class='ocrx_word' id='word_1_408' title='bbox 1076 3773 1231 3840; x_wconf 77' lang='lat' dir='ltr'>gesammelt.</span> 
     </span>
    </p>
   </div>
   <div class='ocr_carea' id='block_1_4' title="bbox 157 3840 1232 4251">
    <p class='ocr_par' dir='ltr' id='par_1_23' title="bbox 157 3840 1232 4251">
     <span class='ocr_line' id='line_1_43' title="bbox 157 3840 1229 3927; baseline 0.002 -35"><span class='ocrx_word' id='word_1_409' title='bbox 157 3840 321 3922; x_wconf 79' lang='lat' dir='ltr'>sebenJ&#39;etzt,</span> <span class='ocrx_word' id='word_1_410' title='bbox 340 3842 396 3923; x_wconf 79' lang='lat' dir='ltr'>dats</span> <span class='ocrx_word' id='word_1_411' title='bbox 415 3841 484 3895; x_wconf 89' lang='lat' dir='ltr'>diese</span> <span class='ocrx_word' id='word_1_412' title='bbox 504 3857 531 3894; x_wconf 88' lang='lat' dir='ltr'>es</span> <span class='ocrx_word' id='word_1_413' title='bbox 549 3841 594 3893; x_wconf 84' lang='lat' dir='ltr'>aul</span> <span class='ocrx_word' id='word_1_414' title='bbox 611 3842 669 3892; x_wconf 87' lang='lat' dir='ltr'>eine</span> <span class='ocrx_word' id='word_1_415' title='bbox 721 3842 762 3921; x_wconf 64' lang='lat' dir='ltr'>dig</span> <span class='ocrx_word' id='word_1_416' title='bbox 787 3842 823 3893; x_wconf 88' lang='lat' dir='ltr'>sie</span> <span class='ocrx_word' id='word_1_417' title='bbox 851 3856 895 3891; x_wconf 86' lang='lat' dir='ltr'>zur</span> <span class='ocrx_word' id='word_1_418' title='bbox 923 3840 1115 3927; x_wconf 62' lang='lat' dir='ltr'>llripglribrunq</span> <span class='ocrx_word' id='word_1_419' title='bbox 1144 3856 1229 3908; x_wconf 73' lang='lat' dir='ltr'>ausge</span> 
     </span>
     <span class='ocr_line' id='line_1_44' title="bbox 157 3908 1231 3977; baseline 0.003 -18"><span class='ocrx_word' id='word_1_420' title='bbox 157 3909 293 3961; x_wconf 85' lang='lat' dir='ltr'>bletbende</span> <span class='ocrx_word' id='word_1_421' title='bbox 311 3909 489 3963; x_wconf 83' lang='lat' dir='ltr'>Besitznabme</span> <span class='ocrx_word' id='word_1_422' title='bbox 508 3910 553 3962; x_wconf 85' lang='lat' dir='ltr'>des</span> <span class='ocrx_word' id='word_1_423' title='bbox 570 3909 669 3961; x_wconf 79' lang='lat' dir='ltr'>landes</span> <span class='ocrx_word' id='word_1_424' title='bbox 724 3909 803 3960; x_wconf 83' lang='lat' dir='ltr'>wablt</span> <span class='ocrx_word' id='word_1_425' title='bbox 816 3910 907 3972; x_wconf 89' lang='lat' dir='ltr'>baben,</span> <span class='ocrx_word' id='word_1_426' title='bbox 920 3932 953 3952; x_wconf 72' lang='grc' dir='ltr'>ι</span> <span class='ocrx_word' id='word_1_427' title='bbox 975 3908 1099 3962; x_wconf 83' lang='lat' dir='ltr'>Standort</span> <span class='ocrx_word' id='word_1_428' title='bbox 1114 3927 1231 3977; x_wconf 80' lang='lat' dir='ltr'>.-pru·</span> 
     </span>
     <span class='ocr_line' id='line_1_45' title="bbox 157 3976 1231 4045; baseline 0 -18"><span class='ocrx_word' id='word_1_429' title='bbox 157 3976 671 4045; x_wconf 64' lang='lat' dir='ltr'>abgesebenbabemvgldppianmrpa-</span> <span class='ocrx_word' id='word_1_430' title='bbox 723 3979 776 4040; x_wconf 84' lang='lat' dir='ltr'>cul]</span> <span class='ocrx_word' id='word_1_431' title='bbox 802 3984 874 4030; x_wconf 89' lang='lat' dir='ltr'>sonst</span> <span class='ocrx_word' id='word_1_432' title='bbox 892 3979 1056 4044; x_wconf 76' lang='lat' dir='ltr'>gewdbnlicb</span> <span class='ocrx_word' id='word_1_433' title='bbox 1081 3979 1231 4044; x_wconf 72' lang='lat' dir='ltr'>allgemeiue</span> 
     </span>
     <span class='ocr_line' id='line_1_46' title="bbox 157 4040 1232 4183; baseline 0.003 -20"><span class='ocrx_word' id='word_1_434' title='bbox 157 4040 671 4167; x_wconf 50' lang='lat' dir='ltr'>{ltfttlillttlt‘ttlmbtl</span> <span class='ocrx_word' id='word_1_435' title='bbox 720 4045 903 4166; x_wconf 66' lang='lat' dir='ltr'>lllltltt</span> <span class='ocrx_word' id='word_1_436' title='bbox 919 4045 1232 4183; x_wconf 55' lang='lat' dir='ltr'>bullitum}</span> 
     </span>
     <span class='ocr_line' id='line_1_47' title="bbox 160 4134 1231 4251; baseline 0.004 -20"><span class='ocrx_word' id='word_1_437' title='bbox 160 4134 239 4232; x_wconf 56' lang='grc'><strong>4447444</strong></span> <span class='ocrx_word' id='word_1_438' title='bbox 256 4183 325 4245; x_wconf 86' lang='lat' dir='ltr'>(dem</span> <span class='ocrx_word' id='word_1_439' title='bbox 338 4136 446 4251; x_wconf 57' lang='lat' dir='ltr'>X&#39;b&#39;gang</span> <span class='ocrx_word' id='word_1_440' title='bbox 459 4154 571 4250; x_wconf 72' lang='lat' dir='ltr'>Salpina)</span> <span class='ocrx_word' id='word_1_441' title='bbox 589 4155 670 4251; x_wconf 64' lang='grc'><strong>44444-</strong></span> <span class='ocrx_word' id='word_1_442' title='bbox 722 4182 756 4234; x_wconf 87' lang='lat' dir='ltr'>ist</span> <span class='ocrx_word' id='word_1_443' title='bbox 773 4152 801 4234; x_wconf 60' lang='lat' dir='ltr'>e’s</span> <span class='ocrx_word' id='word_1_444' title='bbox 819 4198 850 4235; x_wconf 86' lang='lat' dir='ltr'>zu</span> <span class='ocrx_word' id='word_1_445' title='bbox 867 4185 937 4234; x_wconf 88' lang='lat' dir='ltr'>einer</span> <span class='ocrx_word' id='word_1_446' title='bbox 951 4154 1116 4236; x_wconf 69' lang='lat' dir='ltr'>bestimmten</span> <span class='ocrx_word' id='word_1_447' title='bbox 1129 4185 1231 4251; x_wconf 74' lang='lat' dir='ltr'>bngabe</span> 
     </span>
    </p>
   </div>
   <div class='ocr_carea' id='block_1_5' title="bbox 0 0 1321 4740">
    <p class='ocr_par' dir='ltr' id='par_1_24' title="bbox 0 0 1321 4740">
     <span class='ocr_line' id='line_1_48' title="bbox 0 0 1321 4740; baseline 0 0"><span class='ocrx_word' id='word_1_448' title='bbox 0 0 1321 4740; x_wconf 95' lang='lat' dir='ltr'> </span> 
     </span>
    </p>
   </div>
  </div>
 </body>
</html>
