2618 4740
177 487 240 550 122
528 488 623 543 Libuit
639 488 725 542 xxvt.
760 489 830 543 oar.
848 493 891 544 46.
1122 507 1255 555 meost.

179 676 228 729 tus
242 672 320 736 erat,
347 671 381 724 ut
394 660 445 723 ubi
461 661 554 742 ipsius
569 660 626 722 loci
641 679 675 722 ac
690 661 786 741 stagni
801 661 945 742 praesidio
966 661 1037 723 satis
1051 661 1196 725 creditum
1210 661 1255 723 io·

178 759 239 824 ret,
266 766 322 810 nec
348 745 407 808 uffa
433 756 612 808 armatorum
640 746 726 808 statio
746 756 799 808 aut
825 746 957 808 custodia
978 747 1114 828 opposita
1134 747 1255 810 intentis

179 832 317 896 omnibus
338 832 375 893 ad
397 849 485 913 opem
508 850 543 893 eo
564 831 730 906 ferendam,
751 831 831 893 unde
851 830 1015 912 periculum
1036 831 1254 894 ostendebatur.

147 930 163 979 a
179 919 229 982 ubi
241 917 346 979 urbem
356 917 421 978 sine
432 917 593 979 certamine
607 917 762 991 intravere,
776 926 903 998 pergunt
914 916 992 990 inde,
1004 926 1115 997 quanto
1127 917 1254 980 maximo

178 1022 268 1066 cursu
284 1010 436 1084 poterant,
460 1002 575 1063 adeam
596 1010 726 1083 portam,
748 1001 825 1063 circa
847 1019 934 1081 quam
955 1019 1044 1063 omne
1069 1011 1254 1065 contractum

146 1092 327 1152 tcertameb
343 1096 415 1150 eret.
444 1087 475 1148 in
497 1088 577 1168 quod
597 1087 669 1149 adeo
691 1086 798 1148 intenti
821 1086 954 1148 omnium
970 1105 1030 1147 non
1050 1087 1143 1150 animi
1157 1087 1254 1150 solnm

179 1175 277 1249 fuere,
297 1173 348 1235 sed
371 1172 458 1234 ctiam
481 1173 560 1234 oculi
574 1190 720 1252 auresque
734 1170 930 1252 pugnantium
952 1172 1257 1254 spectantiumqueet

147 1271 164 1321 t
179 1257 396 1322 adhortantium
412 1258 585 1339 pugnantis,
606 1268 640 1318 ut
655 1274 742 1319 nemo
756 1266 825 1318 ante
845 1255 882 1317 ab
897 1265 980 1335 tergo
1000 1257 1126 1319 senserit
1140 1268 1256 1340 captam

178 1343 301 1419 urbem,
323 1361 411 1424 quam
426 1342 483 1404 tela
498 1343 528 1404 in
544 1359 661 1404 aversos
675 1341 859 1415 inciderunt,
880 1349 910 1402 et
924 1341 1073 1422 utrimque
1095 1343 1255 1425 ancipitem

147 1431 292 1492 ohostem
316 1427 472 1490 habebant.
509 1437 581 1490 tuno
603 1426 728 1489 turbatis
753 1426 957 1488 defensoribus
982 1435 1062 1489 metu
1089 1437 1118 1490 et
1139 1429 1256 1491 moenia

180 1523 273 1596 capte,
289 1522 319 1575 et
332 1521 415 1594 porta
431 1513 512 1575 intus
526 1513 658 1593 forisque
673 1511 781 1593 pariter
796 1511 920 1590 refringi
932 1520 1051 1592 coepta;
1068 1520 1098 1573 et
1108 1530 1179 1574 mox
1190 1531 1255 1576 cse-

180 1600 276 1663 dendo
291 1599 434 1661 confectis
448 1616 481 1659 ao
496 1597 659 1672 distractis,
683 1614 721 1657 ne
735 1596 791 1658 iter
813 1596 1008 1677 inpediretur,
1023 1597 1139 1660 foribus
1153 1598 1255 1661 mmati

147 1685 324 1766 timpetum
346 1685 490 1745 fecerunt.
527 1700 633 1761 magna
661 1681 818 1743 multitudo
841 1694 870 1743 et
890 1699 992 1743 muros
1018 1683 1255 1757 transcendebat,

179 1771 230 1832 sed
246 1770 265 1831 ii
288 1768 395 1850 passim
417 1768 452 1830 ad
475 1767 593 1829 caedem
615 1767 831 1847 oppidanorum
846 1766 938 1840 versi3
960 1765 1024 1842 ilfa,
1048 1785 1124 1847 quae
1140 1777 1254 1849 portam

180 1856 311 1934 ingressa
334 1861 412 1927 erat,
439 1852 516 1913 iusta
536 1852 614 1912 acies
635 1869 703 1912 cum
725 1851 866 1925 ducibus,
893 1869 962 1912 cum
985 1852 1139 1914 ordinibus
1160 1852 1255 1915 medie

149 1947 166 1998 8
180 1939 254 2001 urbe
269 1936 406 2018 usquein
420 1937 519 1998 fomm
534 1937 687 2017 processit.
718 1936 788 1998 inde
800 1955 868 1998 oum
882 1935 999 1998 duobus
1011 1935 1168 2000 itineribus
1178 1938 1255 2018 fugi·

180 2023 256 2085 entis
270 2022 382 2083 videret
404 2021 515 2095 bostis,
538 2020 611 2082 alios
625 2021 660 2082 ad
676 2021 822 2083 tumulum
843 2021 874 2082 in
890 2021 1033 2084 orientem
1047 2040 1182 2098 versum,
1204 2022 1255 2104 qui

179 2106 570 2186 tenebaturquingentorum
581 2105 709 2168 militum
718 2106 875 2187 praesidio,
883 2105 995 2168 aliosin
1007 2124 1114 2181 arcem,
1126 2108 1255 2188 inquam

180 2192 286 2272 etipse
301 2190 386 2269 bfago
402 2207 469 2251 cum
485 2189 624 2251 omnibus
638 2191 698 2252 fere
713 2191 840 2264 armatis,
857 2191 907 2272 qui
922 2192 1016 2253 muris
1034 2191 1112 2273 pulsi
1128 2194 1254 2265 fuerant,

179 2276 342 2358 refugerat,
371 2274 476 2356 partim
498 2275 649 2356 copiarum
670 2276 706 2337 ad
728 2275 874 2338 tumulum
902 2278 1131 2358 expugnandum
1153 2276 1256 2351 mittit,

180 2362 285 2443 partim
301 2360 363 2442 ipse
374 2361 409 2422 ad
425 2378 522 2422 arcem
537 2361 627 2421 ducit.
654 2370 683 2422 et
697 2360 830 2423 tumulus
846 2361 940 2443 primo
956 2363 1067 2442 impetu
1079 2371 1125 2424 est
1139 2370 1253 2444 eaptus,

147 2456 164 2506 9
179 2456 208 2508 et
223 2445 307 2525 bfago
322 2464 419 2507 arcem
434 2455 558 2508 conatus
572 2446 745 2520 defendere,
768 2465 835 2508 cum
851 2446 949 2507 omnia
963 2447 1094 2508 bostium
1110 2446 1198 2528 piena
1213 2448 1253 2508 ri·

179 2533 261 2593 deret
277 2550 372 2612 neque
384 2549 466 2612 spem
483 2531 571 2592 uliam
588 2550 661 2605 esse,
677 2549 709 2592 se
724 2550 880 2611 arcemque
898 2539 927 2591 et
942 2530 1119 2611 praesidium
1135 2532 1253 2594 dedidit.

137 2627 164 2677 to
179 2618 275 2698 quoad
298 2615 393 2678 dedita
414 2635 464 2678 arx
486 2626 540 2690 est,
561 2617 664 2678 caedes
685 2624 745 2679 tota
767 2616 840 2678 urbe
862 2616 971 2696 passim
993 2617 1100 2691 factae,
1123 2635 1178 2679 uec
1201 2616 1253 2678 ulfi

179 2736 262 2796 nitus]
281 2748 342 2785 seu
356 2736 466 2797 21,t,t.
480 2760 514 2770 -
532 2738 564 2783 ut
580 2732 636 2798 ubi]
656 2732 690 2784 ist
742 2732 810 2797 bnng
828 2730 873 2782 der
890 2734 962 2782 insto
979 2734 1058 2784 acies.

179 2802 228 2853 wie
246 2805 279 2851 ut
294 2804 341 2867 qui
358 2806 449 2867 gesegt
466 2799 518 2851 und
536 2799 691 2852 konstruiert
775 2803 799 2852 8.
813 2799 925 2861 uideret]
941 2799 1017 2850 nimi.
1027 2798 1123 2865 Scipio,
1136 2798 1253 2866 obgfeieb

178 2871 221 2934 (zu
239 2872 281 2934 25,
302 2871 341 2933 13,
361 2871 414 2929 14);
433 2883 453 2919 s.
468 2869 617 2932 38,21,44;
636 2868 689 2934 vgf.
741 2882 769 2919 er
784 2867 834 2919 seit
851 2871 893 2929 45,
912 2869 927 2918 9
946 2867 1017 2918 nicht
1034 2871 1148 2933 genennt
1164 2868 1207 2919 ist
1219 2895 1252 2907 -

178 2938 629 2999 48,11.-starto..]s.5,44,6;
650 2941 690 2999 10,
741 2935 1029 3000 εααιαὶακι..υτνειαη]
1048 2938 1157 2998 edm.
1176 2964 1210 2973 -
1229 2939 1256 2986 et

179 3008 221 3070 32,
234 3008 257 3055 f.
275 3033 309 3042 -
327 3020 356 3054 ec
373 3003 521 3066 serendam]
540 3003 589 3054 wie
606 3007 648 3067 44,
661 3007 689 3056 2:
741 3005 752 3052 i
769 3005 805 3065 se]
833 3001 901 3055 steht
918 3010 992 3054 sonst
1009 3001 1172 3070 gewdhnlicb
1186 3003 1252 3055 narb

180 3074 231 3135 (eo)
250 3087 399 3122 occurrere.
758 3085 798 3122 em
816 3085 848 3121 an
867 3070 1067 3123 bestimmenden
1087 3070 1174 3122 Worte
1192 3070 1253 3122 oder

210 3145 234 3192 5.
242 3141 275 3190 ab
283 3145 358 3203 tergo
365 3141 435 3201 acte]
445 3137 531 3190 beides
539 3138 601 3190 wird
609 3137 688 3191 durch
739 3139 821 3190 efnem
834 3138 961 3189 Attribute
979 3138 1122 3191 desselben.
1140 3167 1174 3177 -
1187 3154 1252 3205 par·

178 3205 220 3258 die
232 3206 349 3272 Stellung
367 3206 496 3272 geboben;
513 3207 566 3273 vgf.
576 3209 617 3268 22,
627 3211 653 3271 4,
664 3211 687 3257 'f.
739 3210 798 3269 tim]
816 3231 849 3252 =
864 3212 980 3273 portem
1000 3209 1179 3269 s.23,11,tt;
1199 3207 1251 3273 vgf.

179 3302 213 3312 -
222 3278 300 3324 ante.
311 3312 317 3324 .
328 3289 407 3339 greum
417 3311 423 3324 .
434 3275 613 3356 :incideruntl
626 3291 645 3327 s.
656 3290 688 3326 au
741 3278 782 3354 dd,
802 3278 841 3339 to,
860 3278 889 3334 ὃς
908 3282 981 3357 sonet
998 3274 1138 3340 gebrauebt
1150 3274 1185 3337 fe,
1203 3275 1252 3327 wie

178 3343 690 3492 ³⁴titiziefff‘ffnfdidiiiiiii}
740 3343 1077 3492 “ffrttttss'f'dt
1092 3341 1251 3490 iii‘ifbe

179 3475 567 3608 ‘fttttt‘ftttmm
586 3545 689 3596 turne„
741 3475 1253 3614 diditi·tttftt'ft‘ttt

178 3611 362 3665 Sturnrleitern.
380 3642 414 3654 -
430 3614 478 3664 sed
493 3615 516 3663 ie·
526 3652 532 3665 .
544 3613 562 3679 .]
581 3611 626 3663 der
641 3612 689 3664 Zn·
740 3610 903 3668 introieris
918 3615 949 3681 τῇ
964 3612 1048 3678 πόλει,
1066 3613 1253 3681 παραγγείλας

178 3681 362 3748 sammenbang
373 3681 473 3733 ecbeint
490 3696 521 3732 an
539 3681 606 3733 sein:
625 3680 689 3731 euch
740 3675 854 3733 κτείνειν
866 3679 915 3731 τὸν
928 3678 1124 3750 παρατυχόντα
1138 3680 1184 3732 καὶ
1201 3699 1252 3751 μα-

178 3747 689 3815 diesebruchenein,trngeneberniebts
740 3745 817 3804 δενός
840 3747 1000 3817 φείδεσθαι,
1024 3747 1094 3817 μηδὲ
1118 3747 1187 3818 πρὸς
1204 3747 1253 3806 τὰς

180 3816 221 3868 bei
247 3832 277 3869 au
305 3817 351 3869 der
376 3817 536 3883 Erebemng,
570 3815 618 3867 avie
647 3815 689 3868 die
741 3811 874 3883 ὠφελείας
896 3814 999 3884 ὁρμᾶν,
1022 3816 1105 3885 μέχρι
1129 3815 1164 3867 ἂν
1185 3815 1251 3868 duc·

179 3885 426 3952 aweitedbteifung,
438 3885 547 3936 sondern
558 3920 565 3935 .
576 3905 592 3943 ,ς
612 3883 688 3953 Poly·
740 3882 811 3954 δοθῇ
830 3883 861 3936 τὸ
881 3883 1020 3953 σύνθημα.
1049 3887 1139 3936 ποιεῖν
1156 3883 1187 3938 δέ
1202 3902 1252 3954 μοι

180 3953 336 4006 biosorduet
352 3953 453 4013 anders;
472 3968 492 4004 s.
502 3952 543 4004 bei
560 3950 612 4002 ihm
624 3951 688 4019 Kap.
740 3951 852 4004 δοκοῦσι
865 3955 947 4004 ταῦτα
957 3950 1146 4015 καταπλήξεως
1158 3949 1251 4023 χάριν.

183 4022 318 4082 fb,3f.-
335 4037 396 4072 erem
407 4022 527 4086 ducibus,
544 4036 604 4072 crem
617 4021 688 4072 ordi·
739 4019 783 4072 ded
809 4020 855 4072 καὶ
881 4018 1006 4077 πολλάκις
1031 4017 1100 4073 ἰδεῖν
1123 4018 1200 4072 ἔστιν
1223 4018 1252 4074 ἐν

179 4092 266 4155 nidus]
291 4085 376 4142 ‘noter
400 4088 471 4141 ibren
498 4088 609 4142 fdbrern
636 4089 688 4142 und
740 4092 798 4146 ταῖς
829 4091 886 4140 τῶν
913 4085 1055 4156 Ῥωμαίων
1080 4089 1252 4157 καταλήψεσι

179 4157 234 4209 ibre
252 4157 346 4211 Reiben
369 4152 530 4217 einbaftend‘;
555 4157 687 4211 Beschrei·
740 4159 795 4208 τῶν
816 4154 923 4209 πόλεων
946 4154 977 4209 οὐ
1001 4156 1106 4227 μόναις
1123 4156 1187 4217 τοὺς
1204 4155 1252 4212 ἂν·
