2618 4740
74 333 260 379 nemum.
443 317 536 371 tmen
554 317 634 373 xxv,
669 317 740 372 cal).
759 321 801 371 tt.
1097 316 1159 377 183

74 490 144 553 lites
152 490 280 563 lucrant,
294 509 341 549 aa
355 500 570 568 occupauerunt,
582 488 660 550 haud
674 508 778 568 magna
786 489 904 570 oppida,
916 498 1048 550 ceterum
1060 498 1091 550 et
1101 489 1159 552 situ

75 586 108 637 et
117 574 314 637 munimentis
325 582 401 651 tuta;
415 574 468 635 tria
480 575 559 636 milia
572 575 697 635 alterurn
711 575 747 636 ab
760 575 922 654 Syracusis,
934 574 1058 636 alterum
1070 574 1159 653 quin·

75 660 173 722 (Ιεεὶω
188 658 281 721 abest.
312 677 350 720 eo
366 669 395 721 et
405 669 589 721 commeatus
604 659 799 720 ccivitatibus
814 659 875 721 suis
887 659 1114 740 comportabant
1130 668 1161 720 ct

75 745 183 807 auxilia
194 744 399 807 accersebant.
421 745 534 806 interea
544 744 692 806 Bomilcar
702 745 809 806 iterum
822 762 891 806 cum
903 745 995 805 classe
1007 746 1159 825 protectus
1183 756 1196 803 a

76 830 285 910 Carthaginem
301 830 342 891 ita
358 830 491 910 exposita
506 832 625 891 lortuna
641 829 807 898 sociorum,
823 839 856 889 ut
871 848 955 908 spem
971 833 1079 890 laceret
1095 848 1157 890 non

75 916 150 996 ipsis
163 916 253 976 modo
268 914 428 976 salutarem
443 934 530 996 opem
548 915 616 977 lerri
633 932 735 993 posse,
757 913 809 974 sed
825 915 975 976 Romanos
990 933 1111 993 quoque
1125 915 1156 976 in

76 1010 162 1080 capta
179 1000 308 1080 quodam
321 1000 410 1061 modo
425 1000 500 1062 urbe
512 1001 587 1080 capi,
603 998 743 1079 perpulit,
759 1007 793 1059 ut
804 999 954 1060 onerarias
968 1017 1056 1061 nares
1070 1017 1157 1078 quarn
1181 1007 1196 1058 a

77 1085 232 1165 plurumas
246 1083 329 1145 omni
344 1086 428 1166 copia
443 1104 544 1147 rorum
560 1093 682 1146 onustas
697 1101 796 1145 secum
811 1085 962 1145 mitterent
976 1084 1158 1163 classemque

76 1177 326 1249 suamaugercnt.
346 1169 436 1249 igitur
447 1181 566 1232 centum
577 1170 698 1249 triginta
711 1169 835 1229 navibus
845 1168 952 1247 longis,
964 1169 1160 1248 septingentis
1180 1177 1196 1227 t

76 1254 224 1316 onerariis
237 1255 392 1334 proiectus
407 1274 422 1316 a
438 1255 613 1334 Carthagine
634 1254 704 1315 satis
727 1272 888 1333 prosperos
909 1263 1013 1314 ventos
1033 1254 1069 1314 ael
1087 1254 1157 1315 trai-

76 1339 217 1401 ciendum
240 1340 270 1399 in
288 1338 415 1400 Siciliam
438 1341 550 1404 hahuit,
578 1341 628 1401 sed
650 1339 737 1399 iidem
759 1339 839 1398 renti
862 1356 1003 1417 superare
1019 1358 1086 1398 eum
1104 1340 1157 1399 Pa·

77 1423 425 1503 thynumprohibebant.
438 1422 1159 1502 Bomilcarisadventuslamaprimo,delnpraeter
1179 1430 1194 1478 o

77 1526 162 1588 spem
176 1526 259 1569 mora
276 1526 345 1570 cum
360 1510 500 1589 gaudium
516 1520 545 1571 et
560 1521 670 1570 metum
686 1510 715 1569 in
732 1511 825 1568 vicem
843 1507 983 1567 Romanis
999 1507 1157 1586 Syracusa·

78 1594 185 1672 nisque
196 1593 393 1673 praebuisset,
405 1595 549 1676 Epicydes
561 1604 707 1669 metuens,
725 1611 771 1663 ne,
784 1593 808 1654 si
821 1601 982 1673 pergerent
993 1591 1090 1664 iidem,
1106 1591 1157 1670 qni
1179 1599 1195 1648 6

80 1689 140 1739 tum
155 1678 317 1752 tenebant,
341 1679 465 1741 abortu
489 1681 560 1742 solis
583 1681 654 1741 llare
677 1696 730 1759 per
744 1677 807 1739 dies
822 1677 923 1757 plures
938 1676 1033 1749 venti,
1056 1675 1157 1737 classis

81 1761 190 1824 Punica
204 1764 331 1825 Africam
344 1776 500 1844 repeteret,
510 1765 615 1827 tradita
622 1763 787 1825 Achradina
795 1761 1069 1823 mercennariorum
1081 1761 1157 1822 mili·
1180 1771 1194 1819 t

80 1858 141 1908 tunr
164 1848 292 1909 ducibus
312 1848 348 1909 ad
365 1849 559 1912 Bomilcarem
579 1850 704 1928 navigat.
735 1849 856 1910 classem
879 1848 908 1907 in
932 1847 1060 1908 statione
1075 1864 1157 1908 versa
1178 1853 1194 1904 8

81 1931 109 1992 in
131 1933 261 1994 Africam
283 1933 441 1997 habentem
463 1936 677 2014 timentemque
701 1933 801 1994 navale
824 1932 985 2012 proelium,
1012 1950 1074 1992 non
1097 1941 1155 1992 tam

81 2018 159 2095 quod
182 2019 277 2097 impar
299 2019 411 2081 viribus
431 2032 482 2081 aut
497 2038 624 2082 numero
647 2019 764 2081 narium
787 2026 865 2079 esset
880 2051 921 2061 -
936 2017 1047 2096 quippe
1069 2016 1155 2077 etiam

81 2100 181 2180 plures
195 2102 324 2164 habebat
334 2137 384 2178 -,
403 2124 491 2184 quam
503 2107 581 2184 quotl
594 2105 673 2166 renti
685 2103 813 2183 aptiores
825 2101 974 2163 llomanae
987 2120 1073 2180 quam
1086 2119 1156 2162 suae

80 2185 164 2248 cassi
180 2186 296 2262 llarent,
312 2190 441 2268 perpulit
457 2200 566 2263 tamen,
582 2199 616 2252 ut
630 2191 779 2251 fortunam
797 2187 905 2248 navalis
920 2187 1090 2247 certaminis
1105 2205 1156 2246 ex·

80 2271 170 2350 periri
184 2271 281 2333 vellet.
311 2283 340 2334 et
355 2274 509 2336 Marcellus
526 2294 593 2336 cum
609 2284 639 2335 et
653 2273 785 2334 Siculum
802 2271 965 2332 exercitum
981 2290 1016 2331 ex
1033 2280 1093 2331 tota
1108 2270 1155 2330 in·
1177 2279 1193 2327 9

79 2356 142 2417 sula
163 2357 279 2417 conciri
294 2357 406 2419 videret
428 2369 457 2420 et
473 2378 540 2420 cnm
563 2359 677 2440 ingenti
692 2367 859 2418 commeatu
874 2356 997 2418 classem
1013 2356 1156 2416 Punicam

79 2440 246 2512 adventare,
263 2461 301 2503 ue
316 2445 402 2505 simul
418 2453 497 2505 terra
512 2445 644 2523 marique
657 2442 789 2504 inclusus
800 2441 876 2503 urhe
888 2441 1016 2503 hostiurn
1032 2456 1154 2518 urgere·

80 2536 137 2597 tur,
154 2544 333 2604 quamquam
349 2529 444 2607 impar
460 2548 584 2591 numero
601 2529 719 2590 narium
735 2535 807 2601 erat,
830 2525 989 2607 prohibere
1005 2525 1086 2586 aditu
1101 2525 1155 2604 Sp·

78 2644 138 2692 nico
156 2641 216 2693 dem
234 2641 372 2707 folgenden
392 2645 479 2695 Siculi
496 2660 591 2711 gegen-
642 2645 718 2706 (sutis
735 2645 894 2709 prosperos),
920 2642 986 2694 deun
1011 2656 1039 2692 er
1056 2638 1154 2706 segelte

79 2709 149 2762 bher.
177 2710 590 2764 Ansalmum..allerumund
643 2711 690 2762 mit
708 2710 808 2762 belhem
827 2709 934 2768 Winde;
962 2708 1023 2761 eber
1044 2708 1086 2759 bei
1110 2707 1155 2759 der

80 2792 110 2826 aa
127 2777 190 2843 geht
208 2777 309 2841 horror,
328 2777 384 2830 elale
402 2779 427 2831 la
441 2780 482 2832 (lie
500 2780 591 2832 Stirdte
642 2780 795 2830 versuchten
810 2779 885 2830 Fabrt
904 2792 935 2828 en
949 2775 994 2828 ‹ler
1006 2775 1085 2827 lluste
1100 2784 1154 2828 ent-

78 2850 191 2909 genennt
209 2844 294 2905 hatte;
313 2846 370 2898 eine
387 2862 442 2897 war
460 2848 591 2900 viellelcht
643 2847 702 2912 lang
715 2846 766 2898 und
779 2863 821 2899 mn
836 2845 984 2912 Pachynum
997 2844 1086 2895 herum
1101 2857 1154 2894 war

79 2912 162 2971 hiatu
190 2926 210 2965 s.
233 2913 285 2964 (lic.
308 2913 335 2964 in
353 2912 423 2966 Verr.
444 2918 468 2977 2,
488 2918 528 2970 53.
557 2944 591 2952 -
643 2915 695 2965 ihm
719 2914 764 2965 der
792 2914 918 2964 nimliohe
943 2911 1018 2963 Winrl
1041 2911 1154 2965 ltontrir.

78 2980 240 3047 quindecim]
268 2980 330 3032 aber
353 2982 399 3034 clas
421 2981 517 3035 Fehlen
539 2999 590 3034 ron
643 3010 676 3018 -
693 2984 832 3046 suparare]
851 2980 902 3045 vgl.
921 2981 962 3044 26,
981 2982 1023 3044 tt,
1042 2982 1065 3031 l.

77 3048 154 3098 ullis
173 3061 194 3099 a.
213 3050 254 3112 21,
273 3051 314 3110 59,
335 3053 362 3109 l;
388 3050 484 3103 ebenso
505 3051 590 3116 hhulig
679 3051 703 3101 6.
722 3045 857 3116 tenebant]
875 3047 927 3113 rgl.
948 3051 987 3112 lb,
1008 3049 1046 3100 lb.

78 3115 452 3184 vlrdpcesaeurnnachmilia‚
467 3119 590 3181 wiehler,
678 3122 701 3168 7.
736 3119 984 3167 morcerrnnrr‘orum
1029 3114 1154 3178 militum]

77 3184 252 3250 ansgelassen.
643 3186 719 3236 meist
746 3186 813 3236 ohne
841 3185 890 3236 den
908 3183 1001 3234 Znsatr
1025 3183 1154 3243 militum

111 3253 136 3304 2
155 3254 195 3302 ita
212 3249 522 3318 aoeporilo..]‘tladurch,
535 3255 591 3307 dala
641 3269 661 3304 s.
677 3252 772 3317 jedoch
791 3255 833 3313 29,
852 3255 881 3311 8;
900 3253 951 3318 agl.
969 3253 1011 3313 30,
1029 3253 1053 3313 8,
1072 3253 1096 3303 8.

76 3334 188 3373 er..ao
206 3316 362 3373 echilderle’.
676 3323 700 3374 8.
718 3325 747 3371 in
764 3324 880 3371 aunone
902 3336 978 3369 uersa
995 3320 1025 3367 in
1043 3356 1050 3370 .
1070 3320 1086 3378 .]
1111 3332 1154 3383 ge·

111 3388 136 3438 3.
145 3388 277 3453 perpulit]
290 3389 403 3450 absolut,
423 3389 472 3440 wie
487 3394 508 3453 l,
520 3392 589 3453 lb,·l
643 3404 721 3441 nauer
744 3390 814 3440 bitte
833 3389 886 3439 biv.
904 3401 1007 3438 verrom
1030 3384 1154 3446 (nimlich

78 3454 130 3506 untl
149 3464 222 3507 ronst
241 3456 292 3517 ult,
313 3457 363 3519 vgl.
381 3458 435 3523 58.
455 3459 496 3516 28,
515 3461 538 3508 δ.
557 3486 590 3495 -
641 3457 759 3519 clauom)
777 3463 882 3522 gesagt;
909 3455 976 3505 deon
1000 3450 1041 3503 die
1067 3451 1154 3504 Fletus

75 3525 165 3586 rm]
192 3523 233 3575 dle
256 3539 303 3576 aus
321 3523 520 3591 llrlegsschillen
548 3526 590 3576 he·
641 3525 724 3576 selbot
742 3526 775 3575 ist
800 3539 829 3576 so
853 3520 1010 3587 anlgestellt,
1037 3517 1092 3571 dale
1115 3519 1153 3572 sie

75 3589 160 3642 eund.
642 3591 757 3658 sogleleh
789 3590 853 3642 nach
880 3588 969 3641 Alnka
998 3587 1152 3640 ausbrechen

110 3660 135 3711 l.
154 3662 259 3708 centurn
275 3662 401 3725 triginta]
417 3676 437 3712 s.
451 3663 542 3722 25,13.
557 3688 589 3698 -
642 3660 723 3719 baum
751 3658 796 3710 der
819 3657 1003 3709 Schriltsteller
1029 3656 1073 3708 hat
1097 3670 1154 3708 rer·

75 3726 159 3777 iidem
171 3730 258 3791 emti]
272 3728 365 3789 nnch§
382 3732 409 3781 ll
426 3729 526 3781 hindert
538 3729 590 3793 ihn,
642 3727 748 3780 mutlicb
768 3727 809 3777 dle
827 3726 912 3778 rislen
924 3725 1079 3777 Accusatlre
1097 3737 1153 3775 rer·

77 3793 127 3846 vie
141 3793 590 3862 nathalich,‹lerStldostwintl(§6:
642 3796 741 3847 melden
766 3794 869 3845 wellen.
887 3821 920 3833 -
943 3796 1077 3843 umentem
1095 3790 1155 3852 uel*

75 3860 273 3927 derOstwintl);
285 3864 501 3927 dieserwarlhm,
515 3878 591 3915 wenn
642 3893 673 3901 ·-
697 3863 825 3929 aptiores]
844 3876 918 3914 wenc
944 3861 982 3912 sie
1004 3808 1152 3910 vapheten

75 3945 104 3980 er
134 3945 186 3982 von
214 3929 343 3997 Karthago
373 3934 496 3985 annichst
526 3932 589 3983 nach
643 3931 687 3982 her
705 3929 806 3982 hanaen.

76 3995 203 4050 lleraklea
223 4000 330 4066 segelte,
348 4001 466 4053 memlich
484 4001 589 4067 guastig
676 4002 700 4052 9.
729 4004 756 4049 ot
784 3997 938 4058 Marcellus]
972 3991 1009 4045 'in
1040 3991 1154 4059 glelcber
