2618 4740
86 626 108 658 a,
124 614 174 659 cnr,
188 625 211 657 n,
225 614 272 660 mg
460 595 555 648 uncta
571 595 661 649 lllllll.
679 595 750 648 CAP.
764 599 805 650 21.
1131 597 1172 657 53

87 768 261 834 iuvantibus
276 770 306 831 in
324 768 453 830 Africam
468 769 604 831 traicere.
634 769 747 830 litteras
761 769 797 830 ad
813 767 853 828 Μ.
862 769 1060 850 Pomponium
1075 771 1174 845 mittit,
1196 781 1211 831 8

90 865 134 927 ut,
147 855 171 917 si
185 856 210 916 ei
222 855 382 924 videretur,
395 854 566 935 Lilybaeum
578 854 703 926 reniret,
716 864 748 916 ut
760 855 960 916 communiter
970 856 1173 930 consulerent,

90 959 166 1020 quas
180 941 366 1020 potissimum
383 939 518 1020 legiones
533 949 562 1001 et
577 947 723 1018 quantum
735 939 860 1000 militurn
877 959 1036 1002 numerum
1052 941 1082 1002 in
1095 942 1173 1003 diri·

90 1044 154 1087 cam
167 1025 315 1087 traiceret.
332 1027 400 1086 item
408 1025 520 1086 circum
534 1043 616 1086 orarn
626 1042 745 1086 omnem
754 1025 928 1086 maritimam
942 1026 1030 1100 misit,
1041 1034 1075 1086 ut
1087 1045 1175 1089 naves
1196 1037 1211 1087 9

90 1111 247 1172 onerariae
270 1128 465 1190 comprensae
482 1111 652 1191 Lilybaeum
676 1129 781 1172 omnes
799 1111 1057 1173 contraherentur.
1088 1112 1174 1190 quid·
1197 1121 1226 1172 to

89 1195 162 1275 quid
186 1196 311 1258 militum
329 1196 507 1275 naviumque
529 1197 559 1257 in
577 1195 675 1258 Sicilia
695 1205 768 1269 erat,
791 1214 858 1257 cum
876 1195 1047 1276 Lilybaeum
1065 1214 1173 1258 conve-

89 1282 184 1343 nisset
206 1290 236 1343 et
259 1300 315 1343 nec
331 1281 402 1343 urbs
417 1280 638 1343 multitudinem
660 1280 816 1342 bominum
840 1299 937 1360 neque
957 1291 1063 1362 portus
1086 1300 1174 1343 naves

89 1375 222 1447 caperet,
238 1375 339 1429 tantus
354 1366 494 1428 omnibus
509 1367 598 1427 ardor
614 1367 721 1428 eratin
739 1367 867 1427 dlricam
884 1367 1048 1440 traiciendi,
1064 1376 1174 1429 utnon
1198 1377 1225 1427 11

89 1454 125 1512 ad
142 1452 253 1514 bellum
269 1451 337 1513 duci
352 1453 536 1523 viderentur,
554 1453 605 1514 scd
621 1453 656 1512 ad
674 1461 754 1512 certa
770 1451 909 1512 victoriae
924 1453 1064 1531 praemia.
1087 1470 1174 1534 prae-

91 1538 179 1616 cipue
195 1537 245 1616 qui
261 1537 442 1617 superabant
457 1555 493 1598 ex
509 1537 660 1598 Cannensi
683 1537 815 1598 exercitu
832 1537 940 1599 milites
955 1537 1015 1610 illo,
1040 1556 1099 1598 non
1116 1537 1174 1598 alio

91 1624 168 1683 duce
184 1621 346 1683 credebant
362 1631 465 1683 navata
481 1623 523 1683 rei
539 1622 677 1702 publicae
689 1641 778 1702 opera
790 1622 876 1683 linire
892 1639 923 1682 se
940 1623 1071 1683 militiam
1087 1623 1173 1702 igno-

91 1707 250 1768 miniosam
264 1725 361 1786 posse.
378 1706 515 1786 etScipio
527 1707 650 1769 minime
662 1708 690 1769 id
704 1726 799 1787 genus
810 1707 936 1769 militum
950 1707 1174 1787 aspernabatur,
1199 1717 1226 1767 12

91 1801 124 1853 ut
141 1793 192 1871 qui
208 1793 358 1872 nequead
375 1792 492 1853 Cannas
513 1792 628 1872 ignavia
650 1812 753 1854 eorum
777 1793 889 1854 cladem
912 1803 1062 1873 acceptam
1086 1794 1175 1854 sciret

91 1895 193 1957 neque
207 1876 284 1938 ullos
295 1896 388 1956 aeque
400 1887 515 1939 veteres
527 1878 635 1941 milites
646 1878 676 1939 in
689 1878 838 1939 excercitu
848 1877 982 1939 Romano
994 1897 1059 1940 esse
1069 1896 1174 1958 exper-

90 1974 200 2042 tosque
218 1982 278 2024 non
292 1963 379 2024 variis
396 1963 516 2043 proeliis
530 1964 631 2036 modo,
647 1964 697 2026 sed
714 1963 839 2025 urbibus
854 1964 940 2024 etiam
957 1963 1174 2044 oppugnandis.

91 2048 195 2127 quinta
212 2057 338 2109 etsexta
355 2047 527 2110 Cannenses
543 2057 629 2110 erant
645 2049 792 2129 legiones;
815 2067 863 2110 eas
882 2067 914 2110 sa
936 2049 1127 2111 traiecturum
1144 2048 1173 2109 in
1199 2057 1227 2108 13

89 2133 219 2194 Africam
237 2151 305 2194 cum
321 2133 451 2207 dixisset,
475 2133 610 2214 singulos
626 2134 734 2196 milites
756 2135 885 2213 inspexit
900 2134 1080 2214 relictisque,
1099 2153 1175 2214 quos

91 2237 154 2280 non
171 2219 297 2280 idoneos
312 2218 463 2292 credebat,
486 2219 516 2279 in
541 2220 640 2282 locum
662 2238 765 2281 eorum
782 2219 917 2292 subiecit,
933 2238 1008 2299 quos
1023 2238 1124 2281 secum
1140 2239 1174 2280 ex

90 2303 174 2365 ltalia
196 2304 358 2366 adduxerat
379 2303 587 2384 supplevitque
610 2305 649 2366 ita
668 2325 718 2367 eas
733 2304 875 2385 legiones,
898 2313 932 2365 ut
954 2305 1089 2384 singulae
1104 2324 1174 2367 sena
1200 2314 1227 2363 11

131 2439 155 2490 6.
173 2437 210 2488 ud
232 2436 267 2488 dd.
290 2439 475 2504 Pomyom'um]
497 2454 525 2490 er
548 2439 613 2491 bielt
663 2436 714 2488 und
739 2438 803 2488 nach
822 2440 863 2496 25,
882 2441 940 2502 ’1,3
963 2439 1096 2490 vielleicbt
1118 2453 1175 2489 num

92 2505 149 2556 sicb
162 2504 219 2556 also
229 2505 256 2556 in
269 2504 439 2558 dienstlleben
450 2506 611 2573 Angelegen·
664 2503 718 2557 'leil
738 2521 769 2556 an
789 2505 834 2558 der
852 2504 1011 2572 Belagerung
1029 2521 1080 2557 uon
1100 2504 1177 2572 Syra·

93 2573 182 2624 beiten
201 2573 226 2624 in
245 2575 329 2626 ciuem
348 2574 460 2627 anderen
474 2573 548 2627 Teile
567 2575 611 2628 der
664 2573 712 2626 ltus
741 2572 953 2639 teilgenommen;
981 2574 1034 2639 egl.
1054 2579 1078 2638 1,
1096 2576 1120 2626 2.
1142 2602 1176 2611 -

93 2640 161 2692 lnsel
181 2641 238 2702 ani;
257 2642 308 2708 rgl.
328 2643 370 2708 26,
383 2647 406 2695 7.
423 2671 458 2681 -
482 2659 549 2708 quus
562 2661 612 2711 po·
663 2641 861 2708 oppugnandis]
881 2641 932 2706 vgl.
951 2643 993 2704 22,
1013 2643 1052 2696 12.

94 2712 227 2760 tissimum
241 2746 248 2761 .
261 2712 277 2772 .]
296 2724 317 2763 s.
335 2710 405 2777 513.
418 2740 452 2750 —
464 2717 583 2765 circum.
594 2714 611 2776 .]
700 2712 738 2763 13.
758 2713 854 2775 quinta
872 2714 898 2761 ct
914 2713 1003 2774 cereto]
1023 2711 1178 2777 ungeacbtet

93 2793 114 2829 s.
126 2780 238 2842 3,3”1,6;
253 2792 298 2830 zur
311 2777 395 2831 Sacbe
408 2780 461 2846 vgl.
476 2782 609 2848 tt‚so‚u;
664 2777 709 2829 der
735 2781 916 2844 ignominioso
945 2780 1044 2830 militia
1074 2779 1176 2830 werden

93 2862 121 2897 er
139 2844 256 2898 sebiclrte
273 2844 356 2899 Boten
385 2863 416 2899 an
435 2848 476 2899 die
496 2847 612 2900 Belebls·
663 2845 705 2898 die
719 2845 867 2899 liannenser
879 2851 952 2899 auter
965 2846 1007 2899 die
1020 2847 1178 2913 regelmilsl-

93 2913 173 2966 baber
192 2914 217 2966 in
236 2913 285 2967 den
305 2914 468 2968 Seestddten.
491 2944 525 2954 —
549 2932 611 2968 con·
664 2930 713 2979 gen
723 2913 852 2981 Legionen
863 2914 1064 2980 gerecbnet;sie
1074 2915 1177 2966 werden

92 2983 279 3046 traderentur]
298 2999 318 3035 s.
338 2986 379 3047 21,
397 2985 440 3047 26,
460 2988 482 3038 7.
664 2985 760 3046 26,26,
774 2987 799 3036 11
820 2983 935 3034 duorum
946 2988 1033 3033 instar
1043 2984 1178 3047 legionum

129 3053 169 3104 10.
193 3052 327 3116 quidquid
349 3052 465 3103 militum
479 3089 486 3104 .
499 3055 516 3115 .]
541 3068 560 3104 s.
580 3069 611 3105 au
664 3055 785 3116 genennt,
803 3049 860 3103 sind
878 3050 940 3101 aber
952 3050 1038 3116 spiter
1050 3049 1179 3102 xerstirlrt

93 3120 118 3179 2,
137 3122 162 3183 6,
181 3121 212 3178 l:
231 3118 354 3185 subrigens
372 3135 458 3171 varen
478 3119 554 3172 keine
567 3136 611 3173 an·
665 3118 771 3170 worden
790 3117 840 3169 und
861 3132 930 3168 nwar
947 3117 1026 3170 durcb
1045 3118 1087 3169 die
1099 3105 1177 3170 llber-

92 3186 172 3238 deren
191 3185 313 3254 'lruppen
340 3188 365 3238 iu
384 3186 489 3240 Sicilien
515 3188 553 3240 als
571 3189 611 3240 die
664 3192 733 3238 reste
751 3187 846 3239 zweier
863 3201 913 3237 von
928 3185 1052 3238 Hannibal
1063 3187 1178 3238 rernlcb·

92 3253 300 3307 lxannensiscbeu
321 3255 460 3323 Legionem
483 3256 524 3308 die
544 3255 611 3307 Frei·
663 3254 1176 3320 tetenlegionen,welcbediellumruern
1241 3314 1247 3325 ‚

92 3322 211 3388 willigeri
224 3322 327 3390 Scipios
345 3323 397 3376 und
416 3323 458 3376 die
475 3339 521 3377 aas
534 3324 610 3377 Loltri
664 3326 679 3374 5
703 3322 754 3373 und
779 3326 918 3389 btrugen;
945 3322 1028 3374 dauon
1056 3323 1176 3374 scbeinen

92 3390 349 3444 ablxommandierten
370 3391 566 3445 llannscbalten
580 3397 611 3458 (s.
664 3390 868 3443 sieselbstdiese
880 3390 1178 3456 Nummerbezeicbnung

95 3462 135 3522 19,
153 3463 187 3524 9),
212 3488 244 3497 -
271 3466 296 3510 et
314 3476 363 3512 nec
375 3500 402 3514 ..
426 3464 521 3527 neque]
540 3476 561 3513 s.
580 3478 610 3514 zu
663 3459 779 3511 erbalten
803 3475 833 3511 nu
853 3459 948 3516 baben:
967 3475 988 3511 s.
1007 3462 1048 3523 21,
1064 3462 1086 3523 1,
1101 3463 1140 3513 11.
1153 3461 1177 3522 6,

95 3531 135 3590 16,
149 3530 190 3589 29,
204 3530 228 3580 2.
382 3591 386 3594 ,
667 3529 705 3580 13.
746 3525 828 3579 llurcb
859 3528 901 3579 die
929 3517 1103 3592 Uberlassang
1133 3525 1178 3578 der

130 3599 169 3650 11.
187 3596 315 3662 militium
325 3598 544 3661 ignominiorum]
552 3598 611 3649 weil
664 3593 813 3647 llanneuser
830 3610 862 3647 an
875 3594 963 3663 Scipio
976 3596 1010 3647 ist
1022 3594 1063 3647 die
1076 3596 1178 3647 trahere

92 3664 131 3716 sie
160 3664 198 3716 als
222 3664 325 3716 Ararier
348 3664 465 3726 dientem
500 3667 551 3732 rgt.
571 3667 612 3727 23,
665 3662 843 3730 bestimmung
862 3663 907 3714 des
927 3663 1044 3727 Senator,
1064 3662 1121 3715 dats
1139 3664 1178 3715 sie

93 3734 134 3796 26,
149 3734 229 3795 7ς26,
243 3735 266 3795 7,
280 3736 308 3794 3ς
329 3734 406 3796 2ῖ,”1,
421 3736 460 3786 ta.
665 3732 691 3783 in
719 3730 823 3783 Sicilien
848 3731 950 3784 bleiben
975 3735 1005 3796 (s.
1025 3733 1066 3796 23,
1084 3734 1125 3796 26,
1144 3735 1177 3793 ’1;

129 3802 169 3853 12.
188 3805 219 3852 ut
244 3805 292 3867 qui
304 3803 342 3864 ..]
367 3817 381 3851 v
402 3801 418 3853 Ι.
437 3804 461 3864 6,
481 3803 504 3853 7.
524 3803 566 3866 33,
585 3803 613 3862 2;
666 3803 707 3863 tr,
726 3803 751 3862 l,
771 3803 813 3864 131
831 3800 883 3851 und
907 3801 964 3853 dem
984 3799 1074 3852 Pritor
1092 3806 1177 3852 unter-

93 3884 120 3920 er
140 3868 211 3921 batte
224 3869 307 3921 selbst
326 3883 356 3920 an
377 3815 422 3921 der
434 3867 557 3922 Scblacbt
575 3869 614 3921 als
665 3868 738 3920 stellt
755 3869 809 3920 sein
829 3867 910 3920 sollen
929 3873 961 3931 (s.
983 3867 1177 3932 136166136-

93 3935 274 4002 llriegstribun
295 3936 507 4002 teilgenomrnen;
530 3953 551 3989 s.
571 3939 612 4001 22,
666 3937 759 3988 boben.
774 3939 946 4002 -impeoetq
960 3937 1016 3988 eine
1029 3935 1178 4001 blusterung

92 4007 135 4068 53,
154 4008 178 4057 2.
201 4033 235 4043 -
253 4010 431 4072 expertosque
450 4009 488 4070 ..1
512 4006 613 4058 scbelut
666 4004 711 4056 der
728 4004 861 4057 einzelnen
880 4003 1017 4063 Soldaten;
1035 4018 1057 4056 s.
1077 4005 1117 4063 22,
1134 4004 1177 4064 12,

93 4073 159 4125 nach
178 4076 222 4138 26,
241 4076 265 4137 6,
279 4076 308 4127 21
325 4074 396 4126 nicht
409 4074 501 4140 ricbtig
514 4090 545 4125 zu
559 4075 613 4127 sein
666 4076 708 4137 14,
721 4077 745 4130 1.
758 4076 785 4134 6,
804 4073 856 4140 vgl.
878 4077 899 4136 t,
921 4075 967 4133 12;
980 4101 1014 4110 -
1027 4073 1138 4135 relictis]
1157 4086 1178 4123 s.

92 4141 144 4193 und
177 4142 212 4194 ist
238 4140 398 4194 miudestens
423 4142 614 4204 dbertreibend3
667 4143 708 4206 26,
727 4143 750 4193 6.
770 4170 802 4179 -
821 4144 962 4204 eorum1s.
983 4140 1067 4204 1,26.
1087 4143 1127 4194 10.

92 4209 161 4262 denn
188 4210 229 4262 die
258 4209 408 4262 llannenser
431 4210 518 4262 butten
537 4210 616 4262 bdcb-
703 4212 743 4264 14.
761 4211 902 4276 supplevit]
929 4224 950 4264 s.
973 4210 1015 4273 27,
1038 4210 1062 4272 8,
1086 4211 1127 4261 16.
1144 4236 1179 4246 -

92 4285 166 4332 stens
189 4294 223 4331 an
247 4278 297 4331 den
321 4277 463 4331 Gelecblen
485 4278 527 4330 bel
550 4277 615 4331 llola
666 4294 731 4330 eura
748 4280 825 4330 milio
839 4283 865 4329 0t
877 4279 1002 4342 ἄνοικοι]
1020 4277 1087 4330 diter
1099 4274 1180 4329 findet
